3682 5872
1398 482 1491 538 xxm

239 630 380 702 Curavlt
402 632 559 701 Andreas
578 633 745 701 Aloiatus.
787 633 882 701 Haec
910 634 986 721 ipsa
1013 634 1159 719 repetita
1180 635 1233 699 eat
1253 632 1426 721 Baslleae,
1448 650 1492 699 ex

170 748 288 814 oilcina
310 749 360 813 lo.
380 746 537 814 Frobenii
562 744 676 814 11119.
697 747 731 812 1ιι
752 746 831 831 iol,
859 747 922 812 nisi
944 745 1031 832 quod
1060 747 1093 811 ln
1114 747 1226 813 libello
1249 745 1290 811 de
1313 747 1380 811 altu
1402 743 1493 813 Ger-

169 863 284 927 maniae
304 859 489 927 Rhenanus
511 859 669 926 nonnulla
689 860 836 927 correxit
859 877 899 925 ex
916 858 1073 926 Editione
1087 858 1359 949 Norlmbergensl
1380 848 1493 943 (apud

168 972 246 1039 aad.
267 973 458 1040 Creussmer
478 974 612 1039 circiter
632 991 662 1038 a.
687 962 825 1055 1473.)
859 973 914 1038 iol.

240 1085 277 1151 P.
298 1081 444 1153 Cornelii
474 1084 581 1152 'l'acitl
614 1085 657 1151 ab
690 1103 832 1152 excessu
863 1085 944 1151 Divi
972 1083 1122 1174 Augusti
1150 1083 1371 1150 Hlatoriarum
1402 1082 1494 1151 Libri

167 1200 300 1285 quinque
322 1217 429 1283 nuper
450 1199 577 1264 inventi
599 1202 700 1285 atque
721 1217 794 1265 cum
816 1199 952 1286 reliquls
973 1199 1044 1264 eius
1066 1194 1234 1284 Operibus
1254 1197 1395 1263 maxima
1415 1194 1495 1262 dili-

226 1312 249 1375 tl
358 1331 380 1375 u
400 1312 420 1377 1.

165 1330 225 1401 6⁰¹²
240 1329 657 1510 issioertfmsaepernerodes
670 1420 812 1507 Philippi
823 1422 956 1488 luntae.
977 1421 1080 1488 Anno
1088 1423 1219 1488 Domini
1230 1422 1332 1491 ml).
1345 1421 1495 1490 XXVII.

166 1536 280 1603 Mense
295 1534 380 1603 Maii
397 1527 504 1618 (ric).
528 1536 592 1601 llic
606 1532 722 1601 XXll.
743 1530 913 1602 Clemente
927 1534 1089 1604 Pontitice
1104 1535 1199 1603 Mox.
1222 1537 1258 1603 8.
1278 1532 1442 1604 101364.

239 1650 412 1717 Praefatio
433 1649 517 1715 haec
539 1651 614 1715 est:

410 1761 492 1827 Ant.
514 1750 752 1843 Francsiaua]
774 1759 992 1828 Varelrlensls
1013 1756 1184 1830 Studiosis
1205 1758 1243 1830 S.

238 1876 421 1944 Mirabltur
451 1874 597 1940 fortasse
624 1876 803 1963 quispiam,
837 1876 872 1940 et
899 1893 968 1939 non
996 1874 1133 1959 iniuria,
1164 1895 1247 1960 nos,
1278 1874 1500 1965 temporibus,

162 1990 193 2055 lu
219 1991 338 2077 quibua
374 1989 461 2055 bello
489 1991 644 2054 vastatur
680 1987 838 2054 universa
869 1988 985 2072 ltalia,
1021 1990 1190 2055 vexantur
1222 1988 1343 2079 urbes,
1379 1987 1500 2056 ardent

162 2106 261 2186 tecta,
294 2102 381 2170 adeo
412 2105 451 2166 ut
483 2101 588 2167 omnis
617 2099 848 2168 benefaciendi
881 2100 997 2167 modus
1018 2102 1207 2169 exstinctus
1228 2120 1304 2169 esse
1326 2099 1500 2188 videatur,

161 2234 264 2282 novos
295 2218 454 2282 auctores
485 2214 519 2279 in
551 2214 656 2281 lucem
684 2212 795 2280 edere.
836 2213 887 2280 At
917 2233 985 2280 non
1014 2215 1058 2281 ob
1088 2214 1122 2280 ld
1143 2234 1165 2282 a
1185 2217 1302 2282 nostro
1324 2232 1501 2301 possumus

161 2326 330 2395 discedere
362 2329 533 2409 instituto,
567 2346 663 2417 nam,
695 2331 733 2392 ut
766 2346 880 2394 omnes
912 2331 1054 2414 norunt,
1096 2348 1160 2395 nos
1187 2327 1374 2396 iamdudum
1402 2328 1502 2416 Relp.

159 2440 339 2508 litterariae
362 2460 423 2526 pro
444 2441 573 2510 viribus
594 2438 757 2526 prodesse
771 2439 999 2525 decrevimus,
1022 2439 1235 2528 dedimusque
1256 2443 1354 2512 vobis
1368 2444 1500 2526 maltos,

161 2556 223 2619 tom
251 2553 424 2638 Graecos,
458 2557 524 2619 tum
553 2555 695 2621 Latinos
722 2557 897 2639 auctores,
929 2558 1046 2620 nostro
1076 2543 1193 2622 labore
1221 2558 1428 2645 castigatos,
1460 2573 1501 2624 ac

160 2664 409 2757 diligentissime
439 2685 592 2733 excusos
640 2666 737 2734 Nunc
765 2686 846 2733 vero
869 2666 907 2733 Ρ.
929 2663 1075 2735 Cornelii
1097 2666 1206 2735 'l'acltl
1229 2669 1498 2758 elegantissimae

158 2775 316 2845 historiae
336 2780 379 2846 ab
394 2780 626 2846 excessulllvi
642 2780 789 2870 Augusti
813 2781 957 2866 quinque
978 2781 1099 2847 Libros
1120 2799 1228 2867 nuper
1248 2783 1406 2849 inventos
1427 2801 1501 2850 cum

157 2891 291 2978 reliquia
307 2893 379 2959 elus
391 2888 558 2977 Operibus
575 2911 719 2960 excusos
733 2892 866 2977 damus,
880 2912 901 2959 a
915 2892 1067 2980 Philippo
1079 2894 1247 2961 Beroaldo
1263 2895 1408 2980 iuniore,
1424 2899 1499 2963 viro

157 3005 260 3069 nostri
281 3005 390 3072 seculi
411 3004 650 3095 eruditissimo,
672 3006 765 3091 priua
786 3006 992 3096 castigatos,
1015 3026 1090 3073 mox
1112 3026 1195 3075 vero
1217 3026 1239 3074 a
1264 3009 1362 3078 nobis
1381 3011 1501 3076 iterum

157 3118 372 3209 recognitos,
407 3138 536 3205 vosque
567 3118 610 3185 ad
638 3117 734 3185 huius
766 3120 914 3187 auctoris
941 3121 1118 3188 lectionem
1141 3119 1357 3190 vehementer
1377 3120 1500 3189 horta-

157 3248 225 3297 mur
245 3234 315 3298 cet

234 3343 431 3435 Diligenter
469 3344 534 3409 duo
567 3346 719 3431 exempla
758 3345 989 3413 Bibliothecae
1022 3345 1257 3438 Gottingcnsis
1289 3347 1500 3434 aliquatenus

158 3454 243 3524 iuter
263 3475 307 3525 ae
328 3456 463 3524 diversa
477 3460 564 3525 inter
577 3477 615 3525 se
630 3459 770 3526 contulit
784 3477 825 3527 ac
841 3457 1019 3545 descripsit
1033 3454 1235 3550 Schweiger
1251 3459 1316 3526 Ill.
1332 3479 1365 3546 p.
1383 3457 1499 3527 1003.

233 3572 311 3639 lam
333 3589 378 3638 ex
397 3570 512 3639 verbis
531 3591 616 3638 mom
636 3591 717 3638 oero
738 3592 762 3638 u
784 3572 882 3640 crolle
910 3577 1039 3638 derum
1069 3577 1264 3660 recoquitur
1292 3574 1453 3640 nonnulla
1477 3591 1499 3639 a

156 3680 323 3752 lrancino
346 3686 515 3765 correcta,
537 3685 654 3751 saltem
676 3688 803 3751 mutata
825 3703 900 3752 esse
914 3686 1099 3774 colligant3
1120 3684 1198 3769 sed,
1220 3690 1364 3772 excepto
1387 3690 1498 3754 tamen

155 3795 331 3865 Beruardo
354 3796 562 3864 Philomathe
576 3797 700 3864 Pisano
722 3799 756 3863 ln
778 3800 952 3883 praeclaro
967 3799 1024 3864 illo
1038 3797 1185 3884 Apuleio
1200 3815 1233 3865 a.
1244 3797 1296 3865 M
1310 3798 1352 3865 ll.
1367 3797 1498 3889 XXII,

157 3910 306 3999 plerique
344 3910 401 3977 lati
434 3909 581 3978 editores
612 3911 738 3976 luntlnl
780 3912 894 3978 verbis
927 3910 1101 3977 dumtaxat
1131 3910 1316 4001 magnificis
1347 3915 1499 3980 veterum

160 4027 355 4112 scriptorum
369 4027 582 4092 correctores
602 4042 678 4090 sese
698 4025 925 4113 lactaverunt,
947 4041 988 4090 eo
1010 4023 1083 4089 fere
1105 4025 1272 4110 contenti,
1293 4026 1331 4091 ut
1346 4025 1499 4093 auterio-

161 4153 218 4210 reu
235 4139 390 4228 aliquam
412 4136 610 4222 editionem,
630 4135 776 4205 Aldinas
796 4121 971 4225 imprimis,
992 4137 1227 4224 exprimerent.
