3620 5880
301 444 363 512 tiit
667 443 857 511 CORNELII
878 442 1012 508 TACITI
1032 444 1238 512 ANNALIUM

302 601 382 669 duos
407 603 497 671 eoiiis
520 625 600 690 quos
624 603 752 670 barbari
774 605 955 669 insederant
969 601 1097 683 (minori
1118 602 1233 684 Cadra,
1259 604 1348 672 alteri
1378 610 1499 673 Darasa
1525 627 1641 673 noman

303 720 362 796 est)
389 719 541 803 operibus
565 717 784 795 circumdedit,
809 725 841 784 et
863 736 1032 803 erumpere
1054 737 1147 785 ausos
1169 719 1273 796 terro,
1301 727 1425 785 ceteros
1447 719 1498 785 siti
1524 718 1565 785 ad
1586 721 1641 786 de·

302 828 451 898 ditionem
472 833 585 916 coegit.

386 946 427 1010 At
440 947 591 1011 Tiridates
609 944 787 1012 volentibus
808 947 930 1011 Peribis
944 945 1166 1031 Nicephorium
1187 953 1219 1012 et
1241 946 1485 1014 Anthemusiada
1506 954 1640 1013 ceteras·

278 1073 365 1147 tque
385 1060 500 1133 urbes,
524 1080 605 1145 quae
630 1057 855 1126 Macedonibus
878 1061 956 1125 sitae
976 1064 1094 1126 Graeca
1114 1059 1267 1127 vocabula
1282 1070 1449 1146 usurpant,
1463 1060 1639 1147 Halumque

303 1180 335 1240 et
355 1172 539 1237 Artemitam
564 1172 706 1238 Parthica
732 1172 850 1260 oppida
869 1173 1007 1259 recepit,
1033 1177 1227 1242 certantibus
1249 1175 1364 1259 gaudio
1379 1174 1434 1262 qui
1448 1178 1638 1240 Artabanum

304 1286 431 1374 Scythas
453 1288 536 1351 inter
564 1285 712 1352 eductum
744 1284 786 1352 ob
819 1286 980 1353 saevitiam
1011 1290 1163 1353 exsecrati
1193 1309 1283 1354 come
1310 1287 1456 1354 Tiridatis
1480 1288 1640 1372 ingenium

303 1402 458 1464 Romanas
479 1419 539 1485 per
561 1410 643 1465 aries
665 1398 842 1486 sperabant.
880 1399 939 1485 (iil
963 1399 1131 1486 plurimum
1156 1400 1343 1467 adulationis
1368 1401 1570 1467 Seleucenses
1595 1401 1642 1466 in·

303 1510 420 1585 duere,
449 1513 558 1576 civitas
580 1522 710 1597 potens,
737 1521 844 1599 saepta
869 1513 982 1588 muris,
1008 1534 1112 1600 neque
1140 1515 1173 1580 in
1199 1518 1367 1581 barbarum
1398 1524 1564 1600 conopia,
1586 1511 1641 1579 sed

266 1624 477 1695 tiaonditoris
505 1625 627 1692 Seleuci
649 1626 798 1693 retinens.
841 1627 974 1692 trecenti
1001 1630 1115 1711 opibus
1141 1637 1195 1692 aut
1223 1628 1375 1712 sapientia
1399 1608 1512 1694 delecti
1538 1637 1572 1691 ut
1594 1646 1643 1692 se·

304 1747 411 1816 natum
438 1759 495 1806 sua
520 1738 639 1827 populo
658 1740 715 1810 ris.
756 1749 788 1806 ct
809 1740 954 1826 quotiens
978 1743 1153 1806 concordes
1177 1750 1288 1825 agunt,
1310 1744 1470 1825 spernitur
1490 1742 1640 1805 Parthas:

304 1850 361 1917 ubi
383 1854 576 1929 dissensere,
602 1851 676 1919 dum
706 1856 766 1918 sibi
791 1854 923 1941 quisque
946 1862 1055 1919 contra
1078 1853 1219 1920 aemulos
1246 1852 1419 1920 subsidium
1440 1861 1569 1929 vocant,
1594 1872 1644 1917 ao-

306 1967 385 2033 citus
407 1965 439 2032 in
461 1976 582 2053 partem
611 1968 778 2031 adversum
803 1987 913 2057 omncs
938 1965 1078 2057 calescit.
1129 1966 1162 2033 id
1186 1989 1287 2051 nuper
1308 1965 1466 2032 acciderat
1484 1963 1642 2031 Artabano

306 2088 474 2163 regnante,
499 2082 553 2165 qui
579 2062 705 2163 piebem
730 2078 922 2166 primoribus
945 2079 1072 2144 tradidit
1097 2101 1136 2144 ex
1160 2102 1217 2145 suo
1239 2101 1320 2146 usu:
1349 2101 1420 2145 nam
1450 2078 1560 2165 popuii
1586 2081 1645 2142 im·

267 2209 295 2251 ss
309 2192 431 2281 perium
452 2191 539 2261 iuxta
560 2195 755 2269 libertatem,
776 2213 948 2279 paucorum
971 2192 1143 2258 dominatio
1168 2195 1274 2276 regiae
1296 2192 1418 2258 libidini
1439 2192 1570 2279 propior
1588 2199 1644 2257 est

308 2316 373 2371 tum
399 2304 616 2372 adventantem
637 2307 798 2373 Tiridaten
826 2306 980 2373 extollunt
1005 2317 1146 2372 veterum
1167 2328 1275 2390 regum
1300 2304 1490 2379 bonoribus,
1513 2316 1545 2371 et
1565 2324 1645 2391 quos

308 2439 418 2487 recens
441 2430 527 2485 aetas
549 2418 667 2506 largius
690 2422 824 2499 inrenit;
848 2418 940 2486 simul
962 2423 1080 2507 probra
1103 2422 1135 2483 in
1158 2421 1348 2483 Artabanum
1368 2415 1555 2492 fundebant,
1582 2438 1648 2483 ma·

307 2541 399 2599 terna
422 2532 543 2619 origine
565 2534 754 2611 Arsaciden,
781 2545 884 2600 cetera
906 2537 1107 2618 degenerem.
1153 2531 1308 2597 Tiridates
1333 2552 1402 2596 rem
1425 2531 1647 2598 Seleucensem

308 2645 427 2734 populo
451 2649 614 2730 permittit.
667 2668 741 2715 mox
758 2647 936 2714 consultans
956 2667 1093 2734 quonam
1116 2644 1167 2711 die
1196 2644 1361 2710 sollemnia
1387 2647 1477 2729 regni
1504 2664 1650 2728 capesse·

379 2826 405 2879 o.
424 2829 547 2893 portbico
564 2830 602 2881 Μ.
624 2856 655 2867 -
672 2830 838 2881 arrabonem
856 2831 894 2882 Μ.
916 2855 946 2866 -
965 2831 992 2882 9.
1011 2836 1086 2893 septa
1104 2829 1132 2880 Μ
1151 2835 1178 2879 et
1196 2829 1227 2878 it.
1249 2854 1277 2866 -
1299 2831 1341 2879 ii.
1362 2828 1460 2893 quoties
1478 2827 1504 2877 ir.
1526 2826 1543 2876 i.
1563 2825 1602 2877 Μ.
1619 2848 1648 2863 -··

310 2907 473 2961 spernuntur
491 2901 530 2952 Μ.
551 2901 668 2953 Correxit
682 2902 836 2953 iibeosous.
862 2927 887 2938 -
911 2900 954 2949 ii.
975 2913 1030 2949 oms
1049 2914 1108 2952 curn
1128 2900 1174 2950 lin.
1193 2900 1231 2952 Μ.
1254 2924 1284 2936 -
1304 2899 1348 2950 ii.
1367 2907 1486 2949 materiae
1503 2897 1542 2949 Μ.
1561 2922 1591 2934 -
1606 2894 1649 2947 id·

310 2971 435 3035 deponere
452 2971 491 3023 Μ.
512 2973 606 3022 -1ti.
625 2973 760 3024 saibmrsia
778 2974 825 3024 ii:
845 2972 974 3023 soibooia
990 2972 1022 3020 ii.

313 3148 345 3163 ι·
363 3121 450 3191 terro]
479 3139 526 3186 per
542 3140 649 3189 zeugma
669 3128 734 3179 eiiea
754 3141 784 3180 ex
801 3141 879 3191 seqq.
899 3125 962 3176 edo·
1003 3123 1130 3175 arbitrata
1148 3135 1179 3173 ae
1197 3137 1244 3186 pro
1263 3123 1348 3175 iubitu
1361 3125 1565 3175 moderantium.
1579 3121 1654 3172 Tiro·

313 3208 415 3264 mutto
442 3208 498 3257 aitis
518 3210 619 3266 eaesis,
639 3209 697 3258 aitis
716 3213 808 3270 captis.
830 3235 860 3246 -
887 3206 963 3256 ilios·
1001 3204 1059 3268 esd.
1080 3203 1112 3263 ³,
1133 3203 1185 3253 Aa:
1216 3203 1367 3272 ἐγγυτάτω
1394 3200 1539 3272 rupaiosoo
1566 3199 1654 3252 dura·

311 3285 451 3347 pioriam]
476 3287 537 3337 urbs
563 3288 791 3350 dissupationes,
822 3286 963 3340 Alexandri
1001 3280 1204 3350 orsiao'iiyuo
1219 3281 1343 3352 ἀνδρῶν.
1360 3287 1524 3332 -materua
1536 3276 1653 3345 mutos]

313 3363 352 3415 Μ.
373 3367 444 3416 iussu
464 3368 589 3427 condita,
614 3369 658 3419 ubi
685 3368 791 3419 iiiiecba
810 3369 837 3419 n.
865 3371 891 3417 in
912 3368 964 3417 iiu-
1002 3364 1041 3413 Do
1060 3365 1116 3412 eius
1134 3370 1216 3414 matre
1237 3363 1299 3413 nibil
1320 3368 1432 3413 coastat.
1458 3361 1511 3411 Cir.
1531 3360 1655 3411 visconti

315 3444 433 3506 piratam
453 3447 547 3497 inlinit.
575 3473 607 3484 -
633 3446 858 3514 Anthemusiada]
878 3449 964 3499 Plinio
1003 3445 1180 3507 ieameamer.
1200 3443 1246 3491 ΙΙΙ.
1265 3441 1348 3503 ΜΒ.
1386 3442 1448 3491 Fuit
1467 3440 1655 3503 proculdubio

315 3524 348 3581 b.
369 3526 422 3576 2⁰:
448 3526 603 3587 instemus,
622 3531 713 3586 amia,
734 3530 795 3597 item
815 3528 964 3590 Mesopota·
1004 3524 1073 3573 titius
1100 3522 1169 3573 ditae
1194 3525 1260 3583 regis
1284 3523 1421 3585 megistsni
1441 3523 1519 3573 aiicui
1539 3521 1580 3572 rei
1600 3533 1659 3571 see·

316 3609 384 3655 miae
403 3606 465 3656 urbs
483 3607 610 3670 Euphrati
629 3607 661 3658 ad
676 3608 829 3667 Orientem,
849 3609 964 3660 Edessae
1006 3602 1102 3664 iiiitlw
1122 3606 1149 3651 ΙΙΙ
1173 3606 1368 3653 matrimonium
1392 3601 1487 3661 (11110.
1506 3613 1537 3651 Ιῦ
1563 3608 1659 3662 9⁰⁸2ss

316 3684 349 3736 ad
368 3684 552 3739 oeetoeosem.
585 3687 638 3739 Cir.
658 3687 783 3753 Tarbigar
801 3686 966 3754 Gseprapiaie
1005 3682 1137 3733 Arsacidis
1166 3688 1275 3741 paterno
1307 3683 1384 3732 butus
1414 3685 1501 3744 stirpis
1525 3684 1659 3744 sanguine

316 3765 352 3815 ii.
373 3778 399 3829 p.
417 3766 479 3817 ΜΒ.
498 3788 529 3804 ··
549 3766 735 3819 Macedonibus
751 3765 828 3831 sitas]
848 3769 964 3827 nt2,·ia
1005 3766 1068 3813 ortis
1088 3762 1203 3822 ideoque
1227 3774 1258 3811 ex
1285 3768 1339 3812 toto
1358 3762 1480 3825 legitimis
1497 3765 1660 3825 aequipara·

316 3858 393 3895 aram
412 3844 447 3909 (a)
466 3846 554 3898 Druso
571 3849 660 3898 attam.
690 3873 721 3884 -
749 3845 862 3911 Heium]
892 3850 968 3909 oppi·
1005 3849 1064 3901 tue,
1095 3848 1125 3890 ut
1144 3841 1269 3904 iugurtha
1290 3841 1432 3892 Adberbaii
1458 3847 1541 3902 atque
1566 3842 1662 3891 iiiam·

317 3924 380 3975 dum
399 3940 413 3977 a
432 3926 524 3976 Tacito
540 3927 595 3978 seio
614 3934 775 3980 memoratur
792 3929 841 3979 boc
860 3927 969 3989 Apoiio·
1006 3923 1087 3986 psalt,
1106 3920 1178 3971 unde
1196 3920 1231 3978 2,
1251 3919 1276 3968 ³.
1296 3924 1354 3973 sine
1374 3934 1461 3972 errore
1481 3921 1533 3971 dici
1553 3926 1663 3982 poterat

318 4004 424 4057 niatidis
444 4010 556 4071 regionis
575 4008 706 4072 Assyriae.
739 4033 769 4043 -
801 4002 966 4070 Artemitam]
1005 4001 1221 4053 Arsacidarume
1238 4003 1378 4066 scapulae.
1415 4001 1528 4065 Ryclsius
1547 4002 1663 4064 quidem

319 4084 413 4136 Strabo
432 4087 475 4136 id.
491 4101 517 4149 p.
531 4088 600 4138 'iiia
619 4082 769 4158 Ἀσσυρίας
786 4085 871 4152 πόλις
889 4082 970 4151 disd-
1008 4082 1136 4144 proicies
1161 4079 1293 4131 Picbcoae
1326 4088 1353 4132 et
1381 4082 1552 4132 Freiosbsmti
1587 4085 1662 4132 cani.

318 4165 420 4231 λογος,
446 4165 588 4228 διέχουσα
610 4169 824 4231 πεντακοσίους
846 4166 899 4234 τῆς
921 4166 971 4216 Σο·
1005 4168 1129 4227 puisrou.
1154 4160 1252 4211 ilerum
1271 4166 1301 4210 ut
1318 4161 1403 4213 salsas
1422 4161 1609 4212 diiticuitatem
1629 4161 1664 4213 ab

318 4245 450 4307 irorata<
461 4244 617 4310 σταδίους,
636 4244 970 4315 σρὸςίωυὸπλέον.-
1008 4244 1052 4294 iiio
1071 4248 1186 4293 motam:
1214 4240 1371 4303 «oppositio
1391 4254 1443 4291 ooo
1462 4244 1524 4290 satis
1542 4248 1664 4301 constat,

318 4322 406 4387 some]
433 4329 495 4376 mite
514 4333 541 4376 et
567 4328 698 4378 excultum
718 4329 897 4385 educatione,
918 4337 970 4389 qua
1009 4323 1081 4389 qued
1107 4323 1188 4373 tuerit
1215 4334 1261 4383 per
1281 4330 1390 4372 matrem
1409 4334 1439 4372 ex
1458 4330 1534 4385 gente
1554 4321 1666 4372 Arsaci·

320 4407 419 4457 Romae
438 4404 514 4456 obses
533 4419 598 4456 usus
617 4414 681 4459 erat.
1009 4405 1120 4463 darum,
1138 4402 1185 4453 sed
1210 4401 1361 4463 degeneras
1381 4399 1467 4450 iocum
1486 4404 1524 4451 sie
1537 4405 1662 4463 expiieas

354 4485 399 4535 ti.
433 4485 464 4534 ia
490 4485 652 4552 barbarum}
683 4485 868 4538 adverbialiter
903 4498 970 4547 pro:
1010 4485 1126 4545 «origine
1143 4478 1203 4545 (etsi
1217 4487 1333 4530 nosteros
1346 4478 1490 4544 dumtaxat)
1504 4483 1667 4539 Arsaciden,

321 4569 348 4617 in
368 4565 492 4616 barbaros
521 4579 625 4626 mores,
655 4568 696 4631 sig
720 4565 754 4617 rb
783 4563 972 4635 βαρβαρικόν
1009 4563 1074 4621 sed,
1094 4562 1163 4624 quod
1183 4562 1215 4611 ad
1236 4572 1322 4611 mores
1341 4563 1470 4621 attineat,
1490 4572 1601 4621 prorsus
1621 4561 1668 4611 de·

319 4645 536 4714 dsscpbosppitun,
565 4644 836 4717 iupiapiiapmbsioa.
878 4644 971 4705 (Isocr.
1010 4655 1159 4706 generemm
1197 4641 1242 4690 Sia
1260 4652 1349 4702 neone
1374 4639 1450 4691 obest
1475 4641 1560 4696 iilud,
1593 4639 1668 4704 quod

322 4727 405 4791 Eusg.
425 4725 482 4783 20.)
502 4751 531 4764 -
557 4726 688 4786 retineas}
718 4725 822 4777 Seleuci
841 4725 972 4776 Nicatoris
1011 4726 1145 4785 praeterea
1182 4720 1247 4770 Ced.
1285 4719 1390 4770 iectioni
1423 4720 1492 4771 idern
1530 4725 1669 4782 opponite

322 4819 375 4858 non
394 4807 479 4856 seium
499 4813 596 4869 gratam
616 4809 789 4860 memoriam,
816 4805 863 4856 sed
892 4806 972 4856 etiarn
1011 4809 1124 4852 «matres
1143 4800 1335 4861 apuoPsrtiros
1355 4812 1443 4863 neque
1461 4799 1561 4850 dabant
1577 4813 1670 4864 oeque

322 4900 408 4938 mores
428 4886 612 4938 Graecanicas.
635 4910 664 4923 -
693 4900 726 4936 sa
743 4898 792 4936 suo
809 4882 870 4948 usal
895 4896 972 4934 suurn
1010 4879 1364 4940 auierebantnebiiiistem,
1395 4885 1425 4930 ui
1448 4886 1521 4940 patet
1538 4883 1568 4930 in
1591 4881 1672 4931 Toto·

323 4967 356 5017 ad
375 4968 696 5018 commodum-iacta
714 4962 871 5029 libertatem]
892 4975 974 5026 prope
1012 4974 1071 5025 gese
1100 4975 1130 5012 ex
1162 4960 1254 5021 peiiice
1282 4959 1381 5010 Graeca
1415 4964 1476 5008 nato
1510 4959 1562 5013 ti,
1604 4961 1669 5011 ii.»

324 5047 585 5104 abestaiibertates
610 5044 823 5116 ἀριστοκρατία
854 5058 915 5096 tero
939 5045 975 5093 si·
1013 5043 1117 5094 Etenim
1136 5040 1271 5105 Vologesis
1292 5048 1391 5102 pater
1416 5046 1473 5090 erat
1496 5054 1562 5100 rex:
1594 5042 1672 5092 Arta·

317 5127 411 5177 'milior
437 5132 478 5178 est
503 5139 593 5190 regum
619 5127 794 5179 dominationi
819 5127 907 5178 omnia
924 5135 973 5175 sua
1012 5123 1073 5175 bani
1092 5134 1160 5175 unus
1179 5121 1314 5173 dumtaxat
1332 5122 1365 5173 da
1386 5119 1547 5183 sceptueiats.
1591 5121 1671 5174 Adde
