3642 5882
539 467 656 533 umus
675 465 746 533 xv.
790 464 864 553 op.
887 466 938 532 so.
963 466 1014 532 11.
1040 467 1091 533 aa.
1117 468 1168 533 re.
1456 466 1518 534 aaa

180 625 376 693 munimenta
396 624 705 713 Eupbraii'inposita
725 628 952 703 retinerentur,
975 647 1036 714 qua
1050 628 1231 714 proximum
1246 633 1277 693 et
1290 629 1518 694 commeatibus

180 761 245 806 nan
267 759 417 826 egenum,
439 738 602 824 regionem
625 740 885 827 Commagenam,
909 741 982 805 exin
998 738 1243 827 Cappadociam,
1264 738 1337 806 inde
1351 740 1518 808 Armenios

179 852 301 938 petivit.
334 851 566 919 comitabantur
586 853 776 930 exercitum,
798 862 925 939 praeter
945 851 1008 919 elia
1027 860 1116 920 sueta
1137 852 1238 930 bello,
1261 874 1373 940 magna
1393 854 1443 922 vis
1465 875 1518 921 ca-

178 966 334 1034 melorum
350 974 461 1033 onusta
474 965 642 1044 frumenti,
666 975 701 1033 nt
715 968 808 1032 simul
821 968 945 1033 hostem
966 964 1145 1052 famemque
1168 969 1352 1056 depelleret.
1376 969 1515 1053 primum

179 1079 363 1164 eperculsis
385 1082 531 1147 Paccium
554 1079 705 1163 primipili
725 1080 939 1146 centurionem
961 1079 1090 1147 obviam
1106 1079 1235 1157 babuit,
1259 1080 1332 1147 dein
1346 1082 1539 1167 plerosques

179 1193 331 1276 militum;
365 1213 445 1281 quas
467 1193 606 1261 diversas
626 1194 720 1279 fugae
741 1213 851 1260 causas
874 1191 1080 1260 obtendentes
1101 1193 1207 1260 redire
1228 1197 1269 1261 ad
1290 1197 1380 1281 signa
1401 1202 1433 1260 ei
1454 1191 1517 1260 cle·

177 1308 327 1374 mentium
349 1308 436 1374 Paeti
458 1306 597 1391 experiri
619 1309 785 1373 monebat:
810 1328 844 1372 se
865 1309 925 1372 nisi
947 1304 1121 1374 victoribus
1141 1306 1294 1375 immitem
1318 1327 1399 1375 esse.
1422 1309 1515 1375 simtsl

178 1440 250 1487 suas
271 1422 414 1506 legiones
436 1410 550 1495 adire,
568 1423 708 1497 hortari,
738 1422 883 1506 priorum
905 1422 1096 1499 admonere,
1119 1440 1234 1488 novam
1257 1420 1389 1506 gloriam
1411 1428 1517 1489 osten-

179 1532 266 1600 dere.
303 1554 367 1599 non
394 1533 481 1599 vicos
503 1540 557 1599 aut
578 1536 694 1621 oppida
716 1536 938 1600 Armeniorum
959 1531 1015 1600 sed
1037 1539 1138 1600 castra
1159 1537 1300 1600 Romana
1322 1532 1460 1622 duasque
1481 1536 1515 1600 in

177 1647 216 1713 iis
235 1646 378 1732 legiones
401 1648 535 1734 pretium
557 1648 676 1712 laboris
694 1650 771 1731 peti.
794 1649 820 1712 si
835 1646 966 1733 siugulis
987 1646 1237 1732 manipularibus
1257 1648 1428 1736 praecipua
1449 1668 1553 1715 ser-re

177 1762 241 1828 tati
262 1759 340 1827 ciris
369 1781 487 1826 corona
514 1762 715 1847 imperatoria
741 1783 836 1826 manu
861 1763 1066 1837 tribueretur,
1105 1763 1189 1848 quod
1210 1759 1288 1828 illud
1310 1769 1342 1827 ct
1362 1769 1514 1850 quantum

175 1877 292 1951 decue,
329 1874 386 1940 ubi
408 1894 466 1960 par
486 1894 597 1939 eorum
623 1894 774 1940 numerus
801 1875 1013 1961 apisceretur,
1051 1877 1105 1961 qui
1122 1872 1307 1941 adtulissent
1327 1877 1459 1941 salutem
1482 1881 1515 1941 et

176 1987 232 2074 qui
254 1988 466 2073 accepissentt
490 1986 539 2053 his
560 1995 655 2073 atque
677 1985 790 2053 talibus
812 1988 845 2053 in
866 2007 1032 2055 commune
1052 1989 1173 2055 alacres
1195 1985 1239 2073 (et
1259 1997 1349 2055 erant
1364 2009 1444 2075 quos
1458 2009 1516 2076 pe·

174 2103 277 2167 ricula
297 2099 432 2167 fratrum
453 2108 507 2166 aut
528 2101 778 2187 propinquorum
791 2101 931 2187 propriis
945 2100 1077 2167 stimulis
1091 2100 1309 2182 incenderent)
1331 2104 1514 2168 continuum

176 2213 231 2281 diu
251 2224 410 2301 noctuque
430 2216 492 2280 iter
512 2212 736 2299 properabant.
781 2212 843 2300 (13)
864 2234 967 2301 eoque
988 2213 1139 2280 intentius
1168 2215 1342 2299 Vologeses
1368 2235 1514 2303 premere
1524 2240 1551 2283 rs

176 2331 343 2405 obsessos,
377 2330 473 2393 modo
502 2326 618 2394 vallam
646 2327 823 2413 legionum,
855 2324 951 2393 modo
978 2325 1155 2403 castellum,
1188 2348 1252 2414 quo
1277 2327 1402 2395 inbellis
1428 2336 1514 2397 aetas

176 2442 422 2519 defendebatur,
455 2442 658 2526 adpugnare,
691 2442 822 2529 propius
851 2442 1001 2507 mesdeus
1030 2460 1125 2527 mam
1153 2460 1223 2507 mos
1251 2441 1390 2526 Parthis,
1422 2444 1449 2508 si
1476 2462 1515 2510 ea

245 2625 271 2675 1.
292 2624 358 2688 cuir.
377 2623 416 2675 Μ.
448 2649 476 2663 -
504 2624 561 2687 inp.
581 2623 629 2675 bi:
648 2624 712 2688 imp.
731 2623 764 2673 B.
794 2649 823 2661 -
844 2622 871 2672 2.
891 2623 960 2674 enirn
976 2623 1015 2676 Μ.
1033 2647 1068 2658 -
1084 2622 1112 2675 t.
1132 2622 1255 2675 Paccium
1272 2623 1318 2675 lde
1338 2624 1461 2677 Paccium
1478 2624 1511 2676 ii.

176 2718 210 2731 -
227 2694 254 2745 d.
275 2692 336 2758 supe
352 2694 391 2745 Μ.
422 2720 450 2734 -
478 2695 521 2746 10.
538 2691 626 2759 pitane
642 2694 683 2746 Μ.
708 2719 739 2732 -
761 2693 803 2744 iu.
824 2693 912 2745 liabet
930 2694 1090 2757 apisceretur
1106 2694 1145 2747 Μ.
1165 2718 1197 2732 -
1217 2695 1273 2745 adt.
1294 2694 1338 2745 ii:
1358 2701 1407 2747 att·
1427 2697 1459 2748 li.
1481 2719 1511 2732 -

174 2766 220 2816 15.
241 2765 329 2815 Habet
347 2767 395 2816 situ
410 2765 456 2823 itt,
488 2778 540 2816 nou
559 2763 690 2817 aieliarl.
711 2762 785 2816 Bauli.
805 2763 857 2817 lea.
878 2763 967 2815 Gueii·
986 2763 1089 2818 Puteal.
1122 2788 1153 2803 -
1181 2763 1327 2831 ῑπποππΜ.
1360 2791 1390 2803 -
1421 2766 1514 2820 imin
1549 2783 1553 2790 ·

175 2834 248 2887 bailia
266 2837 350 2890 dirise
367 2836 417 2898 Μ,
435 2835 544 2888 imbellis
562 2835 594 2886 ll.
612 2861 646 2872 -
664 2835 709 2887 17.
728 2837 791 2900 adp.
810 2836 856 2888 iit
876 2846 938 2899 app.
957 2835 988 2886 ti.

175 2996 216 3042 est
233 2990 267 3054 Q.
285 2990 387 3044 Metelli
405 2992 592 3051 Macedonici,
620 2992 666 3056 qui
683 2992 711 3042 in
730 2990 825 3051 nispe·
861 2992 1086 3055 transponendum
1099 2991 1233 3045 euaderet.
1255 2992 1379 3056 lispiicar
1398 2992 1446 3045 uit
1457 3004 1513 3057 par

173 3075 220 3124 nis
239 3074 358 3137 quinque
378 3072 517 3135 cohortes,
544 3084 613 3136 quse
631 3070 751 3122 hostibus
770 3083 825 3122 cea·
862 3082 953 3121 eoram
985 3084 1109 3123 nantem
1141 3073 1304 3136 apisceretur
1333 3072 1415 3127 decus
1446 3072 1511 3126 iilud

173 3142 283 3213 serabt,
311 3158 497 3205 testamentum
524 3151 610 3204 iacere
634 3153 718 3204 lusere
737 3150 770 3202 ati
787 3152 823 3203 io·
862 3162 974 3203 coronas
1012 3156 1130 3213 atricae,
1166 3150 1234 3205 καθ’
1259 3146 1428 3224 ὑπερβολὴν
1462 3166 1511 3218 pro

174 3244 236 3284 cum
255 3234 466 3296 recuperandum
480 3235 568 3295 misit,
587 3233 701 3283 minatus
715 3243 758 3283 eae
770 3243 826 3281 nan
861 3235 1026 3288 mereretur:
1046 3245 1107 3283 nam
1119 3235 1207 3283 amnis
1221 3231 1287 3283 irasc
1298 3230 1359 3283 xit.
1373 3234 1445 3284 milla
1463 3230 1512 3286 iao'·

172 3314 228 3363 nisi
241 3320 304 3377 past
320 3313 464 3364 uictoriam
480 3317 611 3376 receptum
623 3313 667 3362 iri.
689 3311 824 3361 linsm-
862 3316 962 3364 minum
988 3315 1031 3364 tila
1056 3317 1112 3376 ipsa
1137 3325 1234 3366 coraus
1258 3312 1357 3365 donare
1376 3327 1418 3367 res
1436 3318 1511 3368 ioan·

172 3389 426 3458 praecipua],inter
444 3406 554 3444 coronas
572 3392 698 3444 militares
716 3390 825 3443 nobilis·
862 3392 917 3444 dita
935 3400 961 3444 ct
979 3399 1087 3458 propter
1104 3393 1202 3445 laetum
1224 3396 1378 3457 praesertim
1396 3395 1448 3446 snb
1458 3396 1511 3449 lie·

173 3478 250 3524 eirne.
269 3472 339 3523 Ptin.
359 3474 454 3536 iii,t=
474 3475 557 3524 civim
575 3486 690 3531 corona,
711 3470 825 3521 enititum
861 3485 925 3524 rone
955 3473 1015 3525 aluei
1047 3474 1096 3537 ipsi
1132 3473 1280 3537 periculosa
1311 3486 1375 3526 sane
1406 3475 1509 3529 inisset.

173 3554 281 3604 uirtutis
298 3554 402 3618 insipere
419 3553 603 3605 clarissimum.
623 3577 657 3588 —
685 3552 826 3615 imperato·
861 3554 928 3605 Tum
955 3556 1063 3617 erponit
1087 3553 1222 3615 coronio,
1259 3553 1395 3619 quomodo
1415 3569 1510 3620 parens

173 3635 219 3684 ria
236 3633 336 3694 manu]
364 3634 465 3686 Gellius
484 3635 592 3698 quidem
610 3636 647 3693 5,
666 3632 702 3684 dr
735 3632 825 3682 Civica
861 3634 936 3684 ilium
960 3646 1097 3684 numerant
1119 3634 1296 3695 intellexerit,
1324 3646 1416 3687 eorum
1440 3636 1510 3688 aelii·

174 3725 276 3764 carana
294 3713 461 3777 appellatur,
480 3726 558 3779 quum
576 3714 641 3763 civis
654 3713 723 3773 eici,
742 3726 760 3762 a
772 3723 824 3775 aua
861 3720 920 3773 cet,
940 3716 985 3777 qui
999 3714 1157 3766 adtulissent
1174 3715 1285 3766 sulutem
1304 3721 1331 3766 et
1348 3728 1441 3768 aarum
1460 3718 1508 3780 ont

173 3799 292 3844 sanatus
310 3794 393 3844 estin
409 3794 529 3857 praelia,
557 3798 645 3845 testem
660 3793 732 3843 uitae
753 3792 824 3842 salu<
861 3795 1042 3855 accepissent:
1064 3792 1123 3854 rel,
1141 3796 1163 3845 ei
1181 3796 1335 3847 mariscum
1348 3797 1508 3850 Duebaerat

174 3876 261 3939 iisque
276 3878 411 3938 perceptae
429 3875 488 3924 dat.
525 3871 622 3925 Verum
643 3875 721 3925 etiam
741 3869 823 3922 libers
861 3873 927 3924 alibi
954 3879 1042 3924 tentus
1071 3880 1141 3925 esset
1168 3886 1295 3927 numerus
1321 3889 1437 3940 aarum,
1462 3880 1508 3944 qai

174 3967 202 4005 re
233 3952 339 4015 publica
367 3966 428 4004 curn
455 3954 487 4005 ad
507 3952 633 4005 bonorem
652 3951 823 4003 tribuendum
860 3953 971 4027 salutem
989 3952 1138 4005 attulissent
1162 3960 1189 4005 et
1211 3955 1440 4017 coronandorum,
1469 3961 1509 4011 ni·
1547 4007 1550 4013 ,

174 4036 342 4097 imperatoris
365 4035 494 4097 permissu
518 4047 585 4097 opus
611 4032 693 4086 tuisse
714 4044 824 4086 coassu-
859 4036 955 4084 mirum
980 4046 1108 4084 numerus
1133 4044 1181 4096 par
1199 4038 1317 4086 retractis
1336 4037 1369 4088 ab
1389 4040 1507 4098 interitu,

174 4123 282 4167 uncum
309 4120 367 4173 est;
404 4114 523 4178 alioquin
550 4116 621 4166 enlm
648 4120 699 4165 tam
728 4114 822 4175 insigni
861 4116 905 4177 qui
932 4120 1007 4166 erant
1029 4113 1145 4179 legiones
1170 4114 1266 4165 duae.»
1304 4114 1424 4168 Perbene
1443 4118 1510 4170 Bur·

173 4195 275 4247 bonore
305 4194 379 4246 ircile
413 4194 486 4245 sbuti
515 4197 662 4257 potuissent
691 4192 769 4243 amici
795 4194 822 4242 in
861 4191 945 4244 nouit
972 4192 1089 4244 combien
1111 4194 1334 4257 seraitplorieuc
1353 4194 1507 4261 laisareis

173 4279 289 4334 amicos,
309 4278 462 4336 praesertim
476 4273 521 4325 ubi
535 4280 614 4327 testes
628 4274 735 4329 idonei.
756 4284 822 4337 auca
860 4272 881 4322 it
896 4286 914 4335 p
931 4273 1023 4324 aurait
1041 4277 1137 4324 aurant
1153 4273 1186 4323 tie
1199 4285 1345 4325 courcnnes
1357 4276 1472 4340 aiatpees
1490 4275 1508 4327 ai

173 4358 348 4418 interrogaret
360 4357 519 4417 imperator,
538 4368 590 4406 non
603 4353 760 4405 adfuissent.
781 4352 820 4402 lic
859 4352 1002 4404 diatribuer
1019 4353 1081 4417 au'it
1105 4366 1123 4416 p
1146 4353 1223 4404 accit
1244 4366 1275 4405 eu
1292 4356 1325 4405 rie
1342 4358 1458 4419 saepem
1476 4368 1508 4407 sn

173 4436 325 4497 principum
343 4434 506 4496 temporibus
526 4448 556 4486 rr
574 4433 606 4490 3,
620 4434 665 4483 ui.
693 4434 821 4484 discimus
855 4430 935 4493 pirii.
972 4432 1037 4483 Eius
1061 4432 1257 4485 edocationem
1281 4439 1407 4500 integrum
1435 4432 1507 4485 tiabi-

174 4517 284 4567 ciricam
315 4527 439 4565 coronam
466 4517 523 4564 iure
551 4514 714 4575 proconsulis
742 4512 821 4563 tribui
858 4525 916 4564 mae
934 4515 961 4563 in
980 4513 1098 4565 liscnren
1116 4512 1149 4565 atl
1167 4512 1194 4563 b.
1215 4513 1232 4564 i.
1253 4538 1284 4550 -
1313 4515 1343 4564 in
1360 4512 1505 4579 emmane]

173 4597 302 4658 patuisse.
332 4589 615 4644 clusinensibus.
644 4618 673 4630 -
695 4595 822 4655 apiscere-
858 4590 888 4655 ἐς
915 4589 950 4644 eri
978 4588 1098 4653 κοινόν,
1138 4596 1328 4652 communiter,
1363 4595 1505 4655 universes

160 4671 235 4745 ¹tur]
265 4675 351 4725 Locus
381 4673 494 4723 dtitictiis
522 4677 548 4722 et
575 4672 608 4720 ab
634 4671 821 4733 interprettbas
860 4684 1001 4731 somnae»,
1021 4675 1100 4724 etiarn
1118 4672 1158 4731 ii,
1184 4684 1251 4736 onae
1271 4674 1371 4734 proprii
1390 4676 1506 4727 caritatis

173 4756 284 4805 muttum
304 4760 429 4815 aeratus,
461 4752 532 4805 reiut
558 4764 619 4802 cum
638 4751 742 4812 Lipsius
762 4765 822 4814 pro·
858 4752 956 4804 stimuli
975 4764 1027 4803 nan
1047 4753 1229 4805 incenderent.
1246 4774 1278 4789 -
1296 4747 1354 4815 diu]
1373 4752 1417 4806 Sic
1434 4754 1504 4807 liiet.

172 4842 285 4897 poneret
302 4834 501 4898 adspiceretur,
520 4831 607 4882 itiiter
624 4844 650 4883 s.
663 4831 822 4893 apisceretur
857 4832 894 4893 2,
915 4833 950 4884 br
969 4839 1050 4884 noctu
1068 4833 1172 4898 diuque.

172 4920 203 4965 ut
228 4918 323 4966 «inane
342 4920 370 4966 et
387 4924 630 4975 supervacaneum»
661 4908 819 4969 secluderet,

170 4995 332 5048 Doederlein
361 5008 386 5045 v.
408 4994 568 5055 apisceretur
594 4993 695 5054 passive
721 4990 820 5040 dictum
893 4992 936 5044 ra.
966 4987 1117 5054 causitum]
1148 4986 1325 5045 animosus.
1357 4992 1388 5046 (l.
1407 4994 1451 5048 io.
1472 5019 1504 5037 -

171 5075 213 5131 rei
243 5074 296 5126 leni
325 5073 442 5125 remedia
466 5079 615 5124 correctum
641 5070 822 5134 apiscerentur
858 5067 1032 5137 asipnpnare]
1055 5076 1086 5121 ut
1102 5069 1134 5130 2,
1153 5069 1198 5121 8i.
1218 5071 1323 5124 Primus
1342 5084 1357 5125 e
1375 5073 1448 5127 bled·
1468 5073 1506 5141 (et

173 5160 233 5223 past
259 5154 339 5212 rerba
364 5154 436 5222 paeri
460 5152 526 5205 iliud
550 5157 576 5206 et
598 5156 726 5217 ananiam
744 5148 822 5203 decus
858 5150 942 5218 spir.)
970 5150 1042 5204 dedit
1059 5147 1194 5218 Plebens,
1220 5157 1281 5205 ante
1303 5165 1384 5220 quern
1410 5158 1505 5211 ceteris
