3612 5880
326 468 392 540 183ι
679 520 683 527 .
710 468 899 537 CORNELII
920 469 1056 535 rhem
1077 470 1281 538 multllm

322 636 394 721 ipse
424 636 508 701 iuter
537 635 694 722 primores
727 651 810 718 equo
838 629 952 717 insigni
983 633 1090 713 adire,
1127 651 1304 699 memorare
1341 638 1465 699 vetem
1497 631 1660 699 Gallorum

324 748 456 834 glories,
480 767 623 835 quaeque
644 747 792 814 Romanis
824 747 956 812 adversa
983 743 1177 824 intrdisseut3
1211 766 1304 832 quam
1338 748 1454 811 decora
1485 743 1659 811 victoribus

322 861 469 937 libertas,
486 869 603 947 quanto
626 857 845 926 intolerantior
861 863 996 925 servitus
1009 857 1124 924 iterum
1139 856 1239 924 viciis.
1265 856 1325 944 (td)
1339 878 1403 925 nou
1417 857 1471 925 diu
1486 858 1582 935 baec,
1598 879 1657 924 nec

324 977 406 1062 apud
427 976 547 1039 laetos:
579 972 692 1039 etenim
713 975 945 1060 propinquabat
965 971 1124 1057 legionum
1145 971 1247 1049 acies,
1276 971 1490 1061 inconditique
1511 992 1548 1039 ac
1576 971 1658 1041 mili·

301 1087 387 1154 suae
408 1086 506 1153 nescii
528 1085 677 1174 oppidani
698 1105 801 1173 neque
823 1083 923 1150 oeulis
943 1106 1048 1173 neque
1069 1083 1198 1151 auribus
1217 1085 1291 1153 satis
1304 1084 1525 1171 conpetebant.
1548 1093 1658 1153 sonim

324 1201 435 1277 Silius,
463 1201 523 1264 etsi
543 1205 745 1287 praesumpta
767 1217 839 1284 spes
860 1196 1007 1264 hortandi
1028 1218 1137 1265 causas
1158 1209 1333 1275 nemersi,
1355 1199 1532 1267 clamitabat
1552 1209 1657 1269 umen

321 1315 503 1403 pudendum
531 1313 609 1396 ipsis
638 1314 723 1399 quod
753 1311 992 1377 Germaniarum
1021 1314 1155 1379 victores
1181 1316 1346 1379 advorsum
1369 1316 1476 1381 Gallos
1498 1323 1657 1402 umquam

322 1428 357 1494 iu
386 1430 508 1493 hostem
530 1428 732 1493 ducerentur.
767 1445 853 1491 suns
877 1444 980 1510 nuper
1001 1428 1115 1492 cohors
1136 1425 1287 1494 rebellem
1309 1431 1487 1505 Turonum,
1523 1450 1587 1495 uua
1607 1428 1658 1495 ala

323 1545 512 1618 treverum,
550 1559 669 1627 paucae
690 1540 783 1605 buius
804 1538 902 1625 ipsius
928 1541 1086 1607 exercitus
1107 1548 1227 1607 turmae
1249 1541 1461 1626 profligavere
1482 1544 1656 1627 Sequanos.

284 1666 314 1745 tt
323 1662 440 1742 quanto
457 1655 589 1740 pecunia
604 1651 683 1719 dites
698 1659 730 1717 et
742 1653 956 1738 voluptatibus
970 1653 1154 1736 opulentos,
1170 1661 1258 1720 tauto
1272 1653 1371 1739 magis
1383 1652 1515 1721 inbelles
1529 1657 1657 1721 heduos

323 1767 456 1835 evincite
483 1775 514 1832 et
542 1764 733 1852 fugientibus
755 1763 946 1831 consulite.»
979 1767 1089 1850 iugens
1113 1769 1153 1832 sd
1174 1788 1213 1831 ea
1234 1768 1369 1842 clamor,
1406 1774 1438 1832 et
1459 1767 1658 1835 circumhrdit

324 1902 440 1969 eques,
462 1878 661 1966 frontemque
683 1878 805 1964 pedites
826 1881 989 1957 invasere3
1016 1900 1074 1944 neo
1096 1888 1274 1945 cunctatum
1296 1882 1379 1964 apud
1400 1882 1508 1948 latera.
1528 1881 1657 1967 paulum

323 2015 432 2062 morae
454 1993 586 2061 attulere
614 1990 724 2058 lemnii
744 1989 934 2059 coeuntibus
954 1991 1078 2058 laminis
1098 1994 1266 2058 adversum
1288 1993 1353 2077 pila
1374 2001 1406 2058 et
1427 1993 1567 2079 gladios3
1601 1998 1659 2061 sod

324 2109 413 2176 miles
435 2108 590 2192 correptis
610 2103 773 2172 securibus
795 2113 828 2170 et
847 2104 1003 2180 dolabris,
1024 2114 1061 2170 ut
1080 2104 1108 2170 si
1129 2126 1253 2172 murum
1267 2115 1501 2194 perrumperet,
1523 2111 1658 2176 caedere

285 2236 313 2280 ¹⁵
325 2222 460 2309 tegmina
481 2230 514 2287 et
534 2240 685 2307 corpora3
720 2220 846 2306 quidam
874 2215 1018 2284 trudibus
1040 2226 1094 2283 sut
1113 2216 1209 2284 furcis
1228 2218 1361 2286 inertem
1381 2222 1498 2286 molem
1520 2229 1660 2308 proster-

322 2357 418 2417 nere3
448 2339 663 2419 iacentesque,
689 2331 777 2398 nullo
798 2333 838 2398 sd
860 2329 1087 2414 resurgendum
1108 2331 1197 2408 uisu,
1232 2336 1320 2419 quasi
1349 2333 1509 2399 exanimes
1536 2334 1661 2421 linque-

323 2455 450 2517 hautur.
480 2449 626 2515 Sacrovir
652 2448 756 2534 primo
784 2446 1064 2530 Augustodunum,
1101 2443 1174 2510 dein
1203 2454 1290 2511 metu
1310 2443 1478 2513 deditionis
1498 2447 1532 2513 in
1553 2447 1660 2514 rillsm

323 2563 532 2653 propinquam
554 2584 625 2627 cum
647 2559 805 2626 fidissimis
826 2559 939 2645 pergit.
962 2556 1027 2624 illio
1046 2577 1102 2622 sua
1124 2578 1237 2634 mauu,
1270 2558 1385 2646 reliqui
1405 2561 1521 2626 mutuis
1542 2562 1661 2628 ictibus

324 2678 481 2744 occidere.
504 2678 632 2742 incensa
652 2694 748 2761 super
768 2672 842 2739 villa
863 2690 973 2738 omncs
994 2672 1155 2737 memadt.
1190 2669 1251 2756 (47)
1274 2680 1340 2737 tum
1361 2673 1488 2738 demum
1509 2675 1661 2741 Tiberius

286 2801 429 2861 ’tortum
461 2798 682 2875 patratumque
709 2784 828 2853 bellum
859 2786 980 2852 senatui
1008 2783 1148 2871 scripsit;
1181 2804 1286 2871 neque
1309 2786 1444 2872 dempsit
1464 2794 1518 2853 aut
1538 2786 1663 2856 addidit

391 2968 419 3020 3.
439 2966 503 3018 letos
520 2962 559 3015 Μ.
581 2987 610 3000 -
629 2961 656 3012 5.
675 2974 751 3026 comp.
767 2959 812 3013 hl:
832 2972 915 3023 comp.
936 2958 967 3007 B.
988 2982 1019 2994 -
1037 2958 1064 3008 8.
1087 2957 1174 3010 ilabet
1193 2958 1343 3016 Turonum,
1363 2971 1416 3009 uon
1435 2960 1599 3017 Tusculum,
1619 2962 1662 3014 hl.

322 3063 356 3080 ..
384 3043 427 3090 10.
456 3036 510 3087 iub.
538 3034 583 3085 hi:
613 3032 675 3083 imi.
703 3031 733 3081 ll.
766 3053 793 3065 -
824 3032 867 3080 11.
891 3029 999 3079 cosuiits
1016 3025 1075 3091 (sic)
1092 3028 1137 3088 Μ,
1158 3041 1210 3079 non
1227 3030 1344 3080 consiliis
1361 3030 1499 3091 beroaldi,
1519 3032 1662 3093 Rhsuaui,

323 3113 433 3164 aliorum
453 3113 514 3158 aute
534 3105 689 3155 Gronovius.
719 3125 749 3138 -
777 3100 821 3151 13.
840 3100 973 3151 lamminis
990 3097 1027 3151 Μ.
1046 3125 1081 3134 -
1099 3107 1135 3150 ast
1155 3099 1194 3152 Μ.
1215 3124 1245 3136 -
1267 3099 1309 3151 tt.
1328 3098 1446 3165 incessas]
1470 3104 1592 3167 inpressu
1616 3105 1664 3165 bis

323 3181 474 3235 emendarit
491 3177 644 3227 Rhenanus.
665 3196 696 3210 -
715 3172 759 3223 ito.
778 3177 886 3222 amotus
904 3171 942 3221 Μ.
963 3194 994 3207 -
1014 3171 1117 3233 tempsit
1133 3169 1180 3234 Μ,
1198 3174 1412 3234 pronuntiatione
1431 3171 1599 3226 Germanica.

323 3329 385 3379 mati
405 3330 491 3378 eraut.
512 3320 606 3372 (1.43.
634 3341 667 3357 -
693 3319 764 3369 luter
778 3313 923 3382 primores]
944 3317 971 3366 in
1009 3317 1211 3377 inperpetuum
1232 3312 1315 3379 iiaciii
1334 3314 1452 3383 uictoria)
1470 3319 1596 3371 omuibus
1616 3321 1667 3373 de·

322 3411 406 3471 prima
424 3405 493 3461 acic,
514 3402 641 3463 imprimis
654 3402 724 3450 inter
736 3398 845 3450 ierratos
859 3397 967 3447 ilios.-
1009 3402 1150 3447 monstrate
1184 3394 1292 3448 Aeduos
1327 3403 1426 3459 quanto
1455 3400 1664 3461 opulentiores,

321 3482 413 3549 odire]
441 3482 574 3546 appellare
593 3488 673 3541 sique
693 3479 823 3531 exhortari
842 3477 969 3540 singulos,
1009 3482 1081 3527 tauto
1108 3477 1188 3540 magis
1218 3476 1336 3528 turbellas
1364 3491 1450 3529 essem
1492 3479 1569 3530 Hunc
1598 3493 1667 3533 cum

321 3573 352 3617 ut
361 3564 423 3615 iecit
435 3561 610 3619 Arminiusd,
623 3560 668 3611 15.
682 3585 710 3596 -
726 3553 842 3623 pierius]
854 3557 970 3620 gloriosa
1008 3555 1146 3608 Waitbero
1165 3558 1244 3609 unice
1262 3570 1350 3608 reram
1368 3558 1395 3609 b.
1416 3558 1434 3608 l.
1454 3559 1666 3620 explicationem

322 3646 448 3698 incincta.
487 3640 647 3694 CicPlaue.
663 3638 707 3689 il.
728 3637 968 3702 pioricsdispores.
1008 3648 1119 3696 censeo,
1144 3642 1174 3686 ut
1196 3638 1311 3689 miseere
1328 3640 1363 3688 sit
1380 3641 1551 3697 conducere,
1584 3642 1668 3693 ilber-

323 3726 377 3778 Ssi.
397 3725 454 3790 lug.
473 3723 505 3773 ti
522 3736 530 3773 a
548 3733 627 3784 penes
645 3719 745 3771 eosdem
761 3717 862 3783 pierius
880 3719 971 3768 trium·
1006 3716 1117 3780 [dhreo.
1131 3715 1261 3767 tecuam.
1292 3715 1378 3769 Ceteri
1392 3727 1544 3782 exponunt:
1566 3734 1669 3784 «pror-

318 3807 416 3872 ptiqus
433 3808 518 3855 siout.
563 3799 687 3852 Similiter
705 3796 834 3859 infamiae
851 3795 921 3848 dun.
941 3796 969 3858 t,
1008 3809 1052 3847 sus
1072 3807 1118 3847 eos
1131 3795 1281 3859 desinetis,
1301 3797 1432 3851 debellate
1443 3815 1469 3859 ,s
1489 3813 1586 3864 parum
1603 3805 1666 3853 ani·

322 3886 366 3938 33.
385 3910 418 3924 -
436 3876 632 3943 intolerantior]
652 3892 698 3941 pro
717 3881 804 3928 minus
823 3877 969 3937 toleranda,
1008 3875 1200 3928 madvertentes
1211 3880 1377 3943 perexiguam
1387 3878 1454 3931 haue
1466 3878 1590 3931 imbelles
1606 3886 1672 3935 riu-

321 3973 352 4019 ut
368 3966 480 4017 Laevius
499 3960 543 4027 (sl.
562 3958 664 4024 Liuius)
683 3958 754 4021 apud
774 3958 842 4011 Geli.
863 3958 915 4029 19,
934 3957 968 4008 'is
1008 3956 1084 4008 cendi
1102 3955 1216 4008 iuturam
1229 3957 1309 4010 iuiase
1328 3959 1433 4012 laudem
1445 3973 1476 4011 ac
1488 3962 1615 4023 gloriam.
1634 3987 1669 4000 -·

321 4049 392 4098 euris
409 4043 623 4097 intolerandum.
642 4040 821 4100 Flor.t,1‘i,
836 4038 885 4090 36:
905 4040 971 4090 ethii
1008 4033 1144 4100 consulite]
1159 4041 1290 4101 aparcits,
1317 4038 1399 4091 nolite
1412 4040 1539 4092 inutiliter
1552 4045 1671 4108 sangui·

320 4126 491 4178 insultatione
509 4122 687 4173 barbarorum
703 4120 888 4171 intolerantius
899 4118 950 4183 suit
959 4134 969 4180 ,⁰
1007 4130 1067 4169 nem
1087 4130 1178 4169 eorum
1198 4118 1333 4170 euundere
1344 4132 1379 4178 ;s
1398 4126 1427 4171 ut
1454 4120 1523 4170 illst.
1543 4118 1584 4182 3,
1607 4123 1671 4173 libs

320 4207 366 4259 ubi
386 4204 444 4257 ride
463 4203 610 4254 liniarum.
1006 4198 1078 4248 ratic
1096 4199 1251 4257 eunctnudi,
1266 4211 1301 4249 sae
1319 4207 1459 4261 asperums
1467 4200 1572 4265 proelio
1586 4203 1673 4253 mites

354 4285 399 4336 16.
424 4278 609 4346 conpetebant]
635 4287 666 4332 ut
683 4280 752 4330 illst.
772 4277 805 4340 3,
830 4278 884 4330 'its
915 4278 970 4329 duc
1006 4291 1060 4328 nou
1079 4277 1196 4341 populo,
1226 4291 1281 4327 uon
1305 4280 1411 4329 senatui
1432 4303 1444 4314 ·
1460 4304 1472 4317 ·
1497 4282 1671 4332 consuleret.

320 4365 407 4429 separis
436 4376 490 4413 nou
508 4362 600 4427 linquo
617 4373 671 4410 nou
690 4358 800 4410 comtos
823 4365 968 4423 conpetere,
1008 4357 1121 4416 (Falsam
1156 4358 1295 4409 lectionem
1328 4359 1445 4409 consiliis
1481 4360 1672 4424 explicatione

322 4445 459 4496 oculorum
477 4442 547 4491 haud
568 4445 701 4503 compotes
721 4445 797 4491 erant
820 4438 852 4490 ed
876 4439 971 4502 adspe·
1008 4437 1145 4499 desperata
1173 4438 1234 4488 olim
1263 4439 1521 4500 interpretabuntur:
1558 4455 1672 4495 «cursu

322 4532 394 4581 etum
417 4525 595 4574 Romanorum
614 4523 813 4583 ingruentium,
850 4523 968 4580 numum,
1007 4521 1177 4582 sequimini·
1214 4520 1303 4581 Quid,
1332 4520 1403 4583 quod
1428 4520 1568 4571 Bbttlchar
1599 4525 1670 4577 Les.

321 4607 353 4659 ad
373 4613 473 4655 trucem
493 4614 584 4653 eorum
603 4601 743 4652 clamorem
762 4608 912 4651 constanter
931 4608 968 4651 to·
1007 4599 1196 4663 hep-127.
1225 4600 1385 4666 iupimtibus
1414 4602 1550 4651 corssutere
1580 4606 1673 4665 eupli-

322 4686 472 4738 iersnduns.
509 4683 553 4733 Sic
581 4684 632 4732 lans
659 4681 790 4731 Salustius
812 4680 881 4743 apud
900 4680 968 4731 Nou.
1007 4692 1066 4731 case
1083 4682 1209 4732 sustinuit
1224 4679 1352 4744 sopientes
1368 4679 1521 4745 percepisti)
1559 4683 1674 4738 «llario

320 4766 355 4826 1,
376 4766 444 4816 llil:
478 4761 561 4825 Queat
584 4761 722 4824 (emidius
739 4762 871 4810 attonitus
887 4772 970 4823 nequa
1007 4767 1095 4811 sutem
1121 4761 1202 4811 huius
1233 4762 1365 4823 praecepti
1397 4763 1529 4811 nemiuem
1563 4763 1672 4828 lugiet.

321 4848 410 4898 auimo
433 4856 514 4909 usque
532 4840 641 4891 auribus
658 4841 724 4890 scits
743 4846 902 4904 competere,
925 4853 969 4890 aa·
1005 4840 1125 4903 Namque
1138 4843 1207 4891 inter
1222 4839 1351 4891 Sacroviri
1366 4843 1455 4902 copias
1469 4841 1549 4891 iuvita
1567 4846 1675 4898 aderat

320 4927 391 4982 lere,
412 4927 473 4975 satis
493 4930 632 4980 constare,
652 4927 682 4969 ut
701 4920 757 4971 Lis.
778 4921 810 4981 5,
829 4921 874 4970 ts.
895 4921 968 4971 idom
1006 4922 1128 4971 iuventus
1142 4919 1363 4971 nobilissimarum
1376 4920 1555 4980 ismtliarum,
1580 4938 1672 4987 quam

319 5005 370 5067 21,
388 5005 423 5056 5:
450 5009 479 5054 ut
502 5004 551 5054 oin
569 5002 605 5051 nd
622 5014 699 5051 ormo
716 5001 847 5064 cupiendo
871 5007 969 5065 uptun·
1007 5001 1129 5052 trucidari
1149 4999 1375 5051 sismusinum.»
1395 5000 1517 5051 Wsuru.
1558 5003 1675 5058 Verum

321 5085 407 5147 doque
422 5096 530 5148 pupinus
548 5074 651 5133 suimus
668 5085 829 5144 compsisset.
857 5104 892 5120 -
920 5081 968 5131 Tu·
1007 5081 1063 5131 iilos
1076 5081 1285 5132 adolescentulos
1300 5080 1484 5146 Augustuduni
1504 5080 1556 5131 sub
1575 5094 1675 5138 eusto-

320 5159 426 5231 rpmsm]
453 5162 484 5216 G.
502 5162 547 5217 ti.
569 5150 605 5202 -'
625 5158 746 5226 meede]
765 5160 870 5216 «Semel
887 5167 968 5228 atque
1009 5162 1053 5214 dia
1071 5161 1191 5215 detentos
1210 5174 1269 5214 csso
1287 5161 1370 5215 multo
1389 5160 1564 5225 probabilius.
1610 5165 1676 5221 ne·
