3642 5882
600 409 1090 499 amunutv.cap.1s.15.
1460 414 1523 483 ter

187 576 306 657 turqne
326 568 440 653 stipes,
473 586 551 657 qaas
572 565 648 636 boni
669 569 870 647 necessitate,
903 571 1148 658 intemperantes
1169 569 1269 656 gloria
1289 580 1520 643 consumerent.

186 681 264 750 inde
292 683 426 769 gliscere
453 681 570 769 flagitia
597 690 629 749 et
653 681 799 765 inlamia;
836 703 895 750 nec
923 683 986 752 ulla
1014 686 1156 750 moribus
1177 683 1253 751 olim
1275 691 1432 772 corruptis
1452 687 1524 776 plus

186 795 355 864 libidinum
374 795 583 863 circumdedit
603 816 698 881 quam
715 797 770 862 illa
790 795 952 864 colluvies.
976 798 1029 863 vix
1044 799 1164 864 artibus
1177 798 1319 864 honestis
1332 799 1435 887 pudor
1449 804 1524 868 reii-

189 917 298 990 netur;
329 912 447 1004 nedum
474 911 557 977 inter
578 908 748 977 certamina
769 909 919 977 uitiorum
940 908 1092 997 pudicitia
1112 919 1167 976 eut
1186 913 1342 979 modestia
1361 921 1417 979 aut
1436 914 1524 999 quie-

190 1043 283 1112 mem
305 1024 399 1111 probi
419 1021 518 1091 moris
531 1032 757 1090 reservaretur.
780 1031 960 1109 postremus
973 1022 1041 1111 ipse
1055 1043 1167 1091 scenas
1180 1023 1314 1103 incedit,
1337 1025 1435 1093 mttlte
1449 1047 1546 1095 curas

190 1144 314 1204 untias
340 1135 492 1203 citharam
513 1144 545 1203 ei
565 1138 794 1224 praemeditans
822 1136 1049 1205 assistentibus.
1083 1136 1179 1205 iacies
1207 1149 1384 1206 accesserat
1412 1139 1525 1207 cohors

189 1251 341 1329 militam,
373 1249 572 1319 centuriones
592 1249 775 1339 tribunique
796 1258 828 1317 et
848 1270 993 1319 maerens
1013 1255 1132 1319 Burrus
1153 1272 1191 1319 ac
1209 1251 1348 1319 laudans.
1385 1260 1523 1343 tuncque

259 1414 285 1464 2.
306 1413 394 1466 ilabet
410 1414 473 1465 oiim
491 1417 622 1479 corruptis
638 1413 679 1474 li,
701 1427 753 1466 aon
770 1416 901 1478 corruptis
920 1415 981 1466 oiim
997 1416 1129 1470 llbeneoi.
1149 1434 1181 1454 ··-
1199 1417 1226 1469 ti.
1246 1417 1335 1470 flabat
1345 1418 1526 1470 reservaretur

189 1485 235 1544 ll,
254 1498 308 1538 nott
324 1493 478 1537 reservatur
494 1485 565 1549 spu.
585 1511 616 1523 -
632 1489 780 1548 postremus
798 1486 843 1537 ll:
861 1493 993 1550 postremo
1012 1500 1072 1538 eum
1090 1488 1179 1553 lipsio
1198 1488 1228 1537 tt.
1249 1513 1279 1527 -
1299 1503 1404 1540 scenam
1422 1502 1461 1552 pr.
1484 1491 1523 1549 tt,

191 1556 288 1607 deinde
306 1556 339 1606 ab
359 1556 450 1608 eedem
470 1568 549 1607 manu
567 1555 713 1620 eodemque
732 1563 878 1607 stramento
896 1568 963 1609 corr.
983 1570 1012 1620 s,
1033 1560 1059 1608 td
1077 1565 1134 1619 est,
1152 1572 1262 1619 scenos,
1282 1565 1313 1610 ut
1325 1560 1423 1610 habent
1436 1559 1523 1612 Gueli.

190 1625 261 1677 liud.
281 1626 350 1677 lidd.
369 1635 430 1677 aute
448 1628 583 1688 lipsium,
603 1628 676 1690 quod
695 1634 785 1679 contra
803 1638 907 1677 scenam
924 1628 954 1677 li.
975 1632 1062 1692 recept
1082 1642 1141 1681 com
1163 1630 1272 1682 discito.
1298 1629 1378 1682 lium·
1398 1631 1467 1692 piar.
1486 1633 1525 1683 rel

191 1697 374 1761 indignitatem
402 1705 500 1762 auget,
526 1710 578 1749 nee
604 1700 662 1751 atae
681 1711 759 1750 causa
779 1704 837 1761 ipse
857 1701 955 1759 primus
973 1703 1084 1761 scriptor
1100 1700 1174 1752 iisd.
1195 1703 1324 1758 corrasit,
1351 1700 1398 1753 sed
1417 1704 1478 1764 qaia
1496 1714 1525 1753 se

191 1781 292 1819 errasse
311 1770 399 1819 statim
418 1767 612 1820 animadvertit.
640 1792 674 1806 -
700 1767 726 1818 o.
747 1774 878 1831 temptans
895 1766 934 1819 it.
961 1794 991 1808 -
1011 1772 1148 1833 cyclorum
1165 1770 1202 1823 it.
1222 1795 1256 1807 -
1276 1769 1525 1831 decemuirali,

191 1851 244 1888 aon
263 1838 377 1900 addan,
404 1846 433 1890 ut
457 1840 537 1889 tradit
554 1838 699 1891 Victorius.
728 1839 826 1891 Vemm
845 1844 908 1900 puto
926 1843 1012 1900 ipsura
1030 1844 1176 1904 scripturae
1194 1843 1221 1894 io
1239 1841 1334 1893 talibus
1352 1843 1526 1894 constamiam

167 1904 171 1915 “
191 1916 358 1972 persecutum
379 1922 446 1960 esse.
478 1908 635 1961 criticorum
654 1910 686 1962 de
704 1909 732 1961 it.
752 1909 770 1960 l.
790 1910 974 1963 hariolattoues
992 1912 1089 1966 ridcsts
1106 1912 1368 1978 apuowatmerun.
1383 1939 1413 1952 ··
1426 1913 1527 1966 obsces-

190 1984 264 2031 serat
281 1978 320 2032 il·
339 1979 498 2033 Emendartt
517 1982 632 2045 lipsius.
651 2003 685 2021 -
700 1980 728 2032 7.
747 1993 847 2032 merens
865 1981 904 2034 ll.

191 2138 262 2190 quae
281 2125 519 2188 disponebantur,
539 2126 585 2179 sed
600 2125 664 2178 nihil
676 2126 710 2178 ad
727 2132 842 2179 mentera
878 2132 943 2179 stem
957 2128 1145 2187 matricidam,
1171 2128 1331 2194 Oedipodem
1349 2137 1526 2195 moerentum,

191 2206 296 2265 Taciti,
329 2208 375 2269 uui
401 2213 499 2258 certem
517 2209 657 2270 pecualem
676 2209 731 2259 ruit
755 2209 840 2259 distri·
878 2207 1017 2259 Herculem
1028 2211 1163 2259 insanum.
1182 2232 1213 2246 ·-
1232 2210 1421 2273 assuteutitur]
1441 2212 1526 2262 litism

191 2285 282 2337 botana
301 2298 315 2336 a
333 2285 440 2337 Nerone
460 2289 530 2338 inter
547 2300 608 2338 suos
636 2287 841 2350 impendentem
879 2287 931 2338 hoc
948 2303 973 2340 r.
1001 2296 1109 2352 propter
1133 2288 1299 2341 incredibiles
1317 2292 1343 2340 io
1363 2291 1390 2342 it.
1409 2291 1428 2342 i.
1447 2293 1527 2342 iater-

191 2369 219 2417 ia
238 2368 383 2417 continenti
403 2372 428 2416 ta
451 2373 535 2417 scorta
553 2372 702 2430 straneas,
723 2368 841 2429 exempto
879 2375 983 2428 pretam
1014 2380 1116 2420 errores
1143 2371 1179 2419 ite
1208 2370 1363 2432 simpliciter
1397 2370 1528 2433 eapiieaa·

192 2446 247 2500 iere
275 2446 407 2509 Augusti,
436 2449 481 2511 qui
509 2448 650 2498 admodum
677 2448 842 2498 exhilaratus
880 2448 941 2498 dum
961 2454 1001 2499 est
1019 2460 1170 2510 percarum
1196 2453 1317 2500 tertium:
1348 2449 1427 2502 udam
1452 2464 1528 2514 prte-

191 2526 382 2590 quadropeuos
406 2540 502 2578 aureos
524 2527 663 2578 comitibus
679 2528 769 2577 diuisit
790 2529 843 2577 ius·
880 2528 1021 2579 meditatur
1048 2535 1139 2579 cantos
1164 2528 1235 2580 Nero
1261 2529 1451 2602 iamiilarlbos,
1481 2533 1527 2595 uui

191 2622 240 2673 pue
257 2607 402 2667 iurandum
424 2613 447 2658 et
466 2609 612 2658 cautionem
629 2621 647 2657 a
664 2608 776 2671 sinpulis
794 2619 842 2657 ea·
879 2608 998 2672 proxime
1017 2621 1079 2660 eum
1097 2608 1280 2661 amitterent.»
1313 2609 1380 2660 Cam
1399 2612 1449 2663 hoc
1468 2611 1527 2663 loeo

192 2690 264 2751 epit,
289 2700 343 2736 non
367 2687 423 2736 aiio
448 2688 541 2736 datam
563 2700 692 2737 summam
716 2702 796 2752 quam
814 2688 842 2737 in
880 2700 986 2750 prorsus
1013 2691 1143 2740 consentit
1167 2689 1218 2740 llio
1245 2689 1295 2749 ot,
1321 2690 1376 2741 2⁰:
1414 2689 1528 2743 πολλῶν

191 2767 346 2829 emptionem
369 2766 617 2817 Alexandrinorum
645 2767 770 2817 mercium
797 2766 841 2817 oi·
877 2767 933 2832 μὲν
951 2766 1137 2840 στρατιωτῶν
1153 2766 1397 2841 παρεστηκότων,
1417 2767 1529 2835 παντὸς

190 2850 352 2909 sumpturos.
389 2846 463 2897 Suet.
493 2846 553 2897 Oct.
573 2846 617 2897 tit.
650 2846 776 2899 Gnoson.
809 2871 838 2884 -
877 2845 909 2898 dl
928 2845 982 2897 rori
999 2843 1115 2914 δήμου.
1134 2841 1209 2900 ὅσον
1225 2849 1259 2900 αἱ
1275 2844 1358 2919 ἕδραι
1369 2845 1527 2919 ἐχώρισαν,

191 2921 288 2992 pluria]
308 2925 465 2988 gloriatione
481 2927 521 2978 rel
534 2927 566 2979 de
581 2929 706 2990 principis
723 2930 749 2978 in
768 2928 839 2991 ipsos
878 2923 1051 2991 rutupinus
1069 2955 1085 2966 -
1103 2955 1118 2967 -
1135 2956 1164 2978 ·.
1183 2929 1233 2979 seul
1245 2924 1326 2999 αὐτῷ
1340 2932 1390 2980 καὶ
1403 2922 1421 2981 ὁ
1433 2926 1528 3000 Botip'-

192 3007 374 3061 muutoceotta
392 3007 433 3059 rel
445 3008 625 3059 simulantium
639 3021 668 3059 aa
682 3021 713 3059 eu
726 3010 838 3071 propriis
878 2999 932 3078 ῥος
947 3005 998 3055 καὶ
1022 2998 1039 3056 ὁ
1062 3006 1205 3071 Σενέκας,
1228 3004 1362 3078 καθάπερ
1387 3006 1463 3072 τινὲς
1487 3007 1527 3060 δι-

192 3088 291 3139 diritiis
304 3094 355 3137 tam
370 3087 490 3151 prodigos
503 3101 571 3140 esse.
587 3113 616 3126 -
635 3086 752 3138 moribus
765 3082 838 3151 oiim]
878 3080 1021 3135 δάσκαλοτ
1039 3077 1258 3150 irroratione<
1275 3102 1320 3144 τι.
1341 3083 1529 3155 παρειστήκε-

193 3169 310 3218 moribas
338 3170 389 3217 lam
415 3175 492 3218 antes
520 3171 651 3230 corruptis
679 3168 736 3229 plus
762 3170 840 3220 etiam
879 3178 944 3214 σαν.
981 3163 1056 3215 Suet.
1075 3163 1206 3216 Nenile
1225 3164 1529 3231 simulproesectiprae·

193 3247 332 3298 libidinum
351 3245 471 3298 additam
489 3254 529 3298 est
546 3246 579 3297 ab
597 3248 723 3300 etlreasta
742 3247 785 3297 iila
798 3261 842 3299 re·
880 3245 943 3293 reru
958 3245 1088 3294 citiorum
1100 3246 1275 3306 militium,
1292 3250 1351 3308 ΡΜ
1367 3245 1529 3298 liilvtii‘mi·

193 3327 291 3378 aelium
314 3334 395 3389 atoue
414 3329 646 3389 intemperantium
663 3328 841 3391 undecunque
879 3323 954 3374 litum
966 3325 1091 3389 iustoque
1103 3326 1248 3375 amicorum
1263 3324 1361 3375 intimi.
1381 3349 1413 3363 -·
1435 3323 1527 3392 [acies]

192 3407 317 3463 aiilueute
347 3405 528 3459 multitudiue.
566 3407 610 3458 Sic
637 3407 672 3465 2,
698 3408 742 3458 55.
780 3407 841 3458 Piso
880 3402 997 3470 σχῆμα,
1022 3410 1102 3467 atque
1125 3404 1188 3454 aiibi
1215 3406 1328 3466 speciei,
1355 3417 1450 3470 pompa
1469 3418 1528 3467 spe·

191 3488 366 3539 Athenienses
384 3489 523 3549 increpans
542 3488 677 3541 codueiem
694 3487 769 3538 illam
794 3501 842 3537 na·
881 3487 970 3543 ctosa,
996 3486 1038 3535 ein
1060 3482 1233 3547 aussaiieudea
1252 3484 1413 3548 Sciouspiei.
1449 3482 1529 3539 Prae·

193 3569 293 3618 tionum
312 3574 397 3618 rocas.
416 3588 449 3604 -
473 3563 636 3631 postremus]
656 3571 732 3627 «post
750 3580 841 3618 omnes
880 3564 1024 3616 meditante
1042 3571 1133 3616 cautas
1160 3564 1285 3624 Nerone,
1305 3564 1363 3615 loeo
1381 3571 1528 3618 accesserat

193 3648 250 3698 iilos
275 3647 415 3705 homines,
447 3660 560 3709 qaorum
584 3646 722 3698 vilissimas
748 3658 841 3709 operas
878 3646 982 3707 species
1006 3651 1182 3696 consentanea
1202 3644 1246 3694 tait
1264 3645 1415 3707 spectaculo
1441 3652 1527 3696 custo-

193 3732 309 3787 emerat,
337 3727 393 3787 ipre
413 3738 521 3791 quoque
544 3738 649 3778 scenam
668 3727 793 3780 lucessit,
814 3724 841 3775 td
879 3724 922 3775 dia
942 3726 1004 3784 ilia,
1023 3727 1184 3776 centuriones
1202 3718 1350 3788 tribumque
1377 3720 1526 3788 (splendide

194 3806 267 3870 quod
294 3808 412 3856 omnium
449 3809 628 3869 turpissimum
657 3805 734 3856 luit.»
780 3804 840 3856 Noa
880 3801 974 3867 ornati)
997 3809 1021 3855 et
1048 3802 1115 3869 (lpse
1134 3817 1242 3868 qnoque
1260 3804 1440 3865 spectaculum
1458 3806 1527 3857 adsi·

193 3893 259 3947 eret,
274 3891 465 3938 earmuurent
477 3889 503 3937 to
513 3892 667 3950 prostrantur
683 3887 763 3936 immo
775 3883 841 3935 iilud
878 3884 1024 3942 aientibus,
1046 3895 1206 3949 quemquam
1225 3885 1287 3933 satis
1305 3883 1457 3946 diversum,
1478 3887 1525 3939 sed

193 3968 272 4019 ettam
298 3964 439 4018 eidcaetus·
460 3987 493 4000 -
523 3961 630 4029 scenos]
654 3963 785 4015 Piursieta
803 3965 842 4015 sie
879 3963 1049 4018 memorabile
1069 3958 1209 4026 praebens)
1230 3975 1351 4015 maerens
1368 3964 1474 4015 Burrus
1496 3983 1527 4019 ae

192 4048 310 4097 rindtcsi
326 4047 417 4099 Beana
437 4044 508 4096 «Cir.
521 4045 585 4109 Agr.
598 4045 634 4095 5:
661 4046 782 4095 incensos
800 4055 842 4093 co·
878 4043 1004 4115 laudans.
1024 4043 1154 4094 Nimirum
1167 4038 1246 4106 [acies
1259 4056 1312 4094 non
1326 4032 1366 4095 ert
1378 4046 1525 4098 membrum

193 4126 283 4176 ioniae
301 4127 334 4177 de
353 4139 405 4178 uua
424 4126 544 4183 calonia:
570 4139 596 4178 r.
615 4124 710 4176 Wsiclr
728 4136 755 4187 p.
777 4123 839 4174 tit.
879 4125 957 4175 huius
977 4125 1161 4185 propositionis
1180 4126 1314 4188 proprium
1333 4136 1363 4175 sc
1375 4131 1526 4188 separatum

193 4207 280 4269 Supra
292 4205 322 4258 C.
336 4207 372 4258 it
390 4208 544 4271 parentium
561 4206 718 4257 iracundiae
736 4207 769 4257 de
788 4218 840 4257 uua
878 4217 893 4256 a
912 4203 1102 4269 sequentibus,
1120 4202 1166 4254 sed
1187 4204 1252 4255 haec
1270 4208 1358 4256 omnia
1370 4205 1462 4255 colors
1474 4212 1525 4256 eet.

192 4288 357 4352 Agrippina:
382 4288 409 4347 i,
430 4286 483 4337 ts:
503 4286 664 4349 seminarum
680 4286 790 4335 tonores
807 4284 840 4336 de
879 4286 1073 4347 apparitionum
1089 4283 1208 4336 rocsbutt
1226 4284 1309 4349 {acies
1326 4284 1384 4335 ioco
1404 4284 1526 4337 itabenda

193 4381 246 4419 une
264 4368 347 4418 Liria.
367 4367 399 4425 1,
418 4366 461 4417 57.
481 4366 514 4425 2,
533 4366 577 4416 tii.
597 4365 631 4424 3,
650 4364 695 4417 di.
715 4366 778 4429 aar.
796 4367 840 4417 ¹5.
878 4370 958 4423 sant;
986 4366 1112 4427 quocirca
1140 4363 1225 4415 deleri
1252 4375 1355 4415 comma
1383 4363 1527 4416 Baliaris·

193 4449 284 4512 totque
302 4445 397 4498 Waictt
416 4458 444 4508 p.
457 4445 519 4495 222.
538 4445 625 4498 Possis
644 4449 723 4498 eitam
742 4446 842 4508 simpli·
878 4456 941 4494 num
960 4450 1018 4506 post
1036 4456 1061 4495 v.
1081 4446 1235 4493 accesserat.
1271 4443 1383 4494 Prorsus
1404 4445 1526 4496 reiiciea·

193 4532 259 4580 citer
276 4526 429 4590 explicares
454 4524 548 4575 «modo
568 4526 650 4581 itanc,
671 4525 750 4577 anodo
770 4525 840 4576 tilam
879 4522 912 4572 da
930 4529 972 4575 est
989 4524 1076 4574 liothii
1096 4522 1251 4576 distinctio:
1270 4523 1466 4586 praemeditans
1483 4536 1526 4574 aa·

192 4620 297 4659 scenam
317 4608 449 4658 incessit.»
470 4630 499 4641 -
528 4601 738 4668 praemeditans]
764 4618 841 4669 pree·
877 4602 1026 4655 sistentibus
1055 4605 1144 4668 {acies
1172 4601 1320 4653 Aecuserut
1344 4607 1414 4659 cet..
1444 4602 1525 4655 adno-

193 4688 296 4741 tudens.
333 4686 409 4738 Suet
429 4686 491 4737 Ner.
512 4684 565 4735 st:
597 4684 760 4749 mamertus
778 4700 841 4751 quo·
879 4687 976 4736 tantis:
997 4683 1111 4735 «Deerat
1122 4685 1243 4747 scriptori
1259 4682 1393 4735 brevitatis
1411 4684 1525 4745 cupidis·

194 4781 242 4833 utre
258 4768 379 4821 cantauit
393 4771 569 4830 personatus,
591 4765 698 4815 neroum
715 4766 840 4816 deorum·
877 4766 945 4816 simo
964 4776 1011 4817 ros
1029 4763 1137 4823 Latius,
1158 4774 1209 4825 qus
1229 4760 1301 4824 quod
1314 4774 1362 4813 aas
1379 4761 1525 4825 Mitspieler

192 4860 259 4914 que,
289 4848 350 4898 iem
376 4846 511 4898 heroidum
538 4858 570 4896 ac
593 4844 701 4895 morum
722 4847 841 4906 personis
879 4845 990 4896 dicimus
1009 4844 1147 4902 redderet;
1175 4854 1235 4906 crgo
1254 4841 1302 4891 isos
1321 4840 1384 4893 dicit
1402 4843 1525 4895 assisten-

193 4927 283 4994 astuta
309 4928 346 4978 ad
367 4925 565 4977 similitudinem
583 4925 637 4974 oris
660 4925 704 4973 aut
719 4928 743 4975 et
767 4927 842 4990 {emi-
878 4932 932 4979 tes.
961 4929 988 4976 et
1009 4925 1091 4990 [acies
1113 4927 1174 4972 suot
1192 4933 1319 4983 personne
1337 4923 1392 4975 sire
1419 4929 1522 4986 partes,

192 5022 260 5067 nas,
277 5013 360 5071 prout
378 5005 651 5070 quampuediliperei.
686 5004 760 5055 inter
779 5010 842 5056 eete-
879 5003 919 5057 ists
948 5003 1121 5055 destinatae.»
1165 4999 1201 5051 At
1227 5000 1278 5051 lsoc
1305 5002 1470 5063 incredibile·
1489 5028 1523 5042 -

193 5101 228 5141 ro
252 5087 373 5140 cantauit
399 5085 519 5139 &nosen
539 5084 751 5147 parturientem,
780 5084 842 5143 Ore
878 5098 910 5135 ac
928 5080 1059 5148 laudam]
1082 5078 1211 5133 uttreottts
1226 5078 1429 5154 βραχυλογίατ
1458 5086 1524 5138 uetat
