3612 5880
313 436 376 503 rec
714 391 1288 501 communaemnuusnruu

312 601 350 663 L.
365 596 490 665 Caesari
511 619 549 664 ac
565 594 639 664 diro
653 597 795 680 Augusto
809 612 908 658 nurus
921 588 1103 658 dederetur.
1121 593 1194 656 dein
1209 592 1374 657 tormentis
1387 609 1552 659 serrorum
1568 598 1655 679 pate·

310 709 394 777 iacta
425 721 498 778 sunt
521 710 659 797 ilagitia,
690 711 834 794 itumque
862 709 896 772 io
924 706 1109 772 sententiam
1136 705 1261 772 Rubelli
1288 704 1416 783 Blandi,
1448 726 1552 793 aquo
1573 726 1655 793 aqua

311 832 407 910 atque
434 826 499 911 igni
528 823 702 890 arcebatur.
732 825 806 888 huic
829 824 952 886 Drusus
973 818 1130 896 adsensit,
1165 840 1355 907 quamquam
1376 819 1429 885 ulii
1451 818 1559 886 mitius
1581 838 1653 884 een·

311 937 456 1004 suissent.
477 957 553 1003 mox
574 940 709 1012 Scauro,
742 936 797 1022 qui
819 932 915 999 filiam
938 953 979 999 ex
1001 953 1038 999 ea
1060 941 1227 1029 genuerat,
1251 936 1359 1000 datum
1381 955 1422 1000 ne
1444 937 1530 1000 bona
1550 933 1654 1020 publi·

289 1059 469 1116 scarentur.
493 1058 560 1115 tum
579 1049 705 1116 demum
721 1048 845 1133 aperuit
860 1045 1008 1113 Tiberius
1021 1034 1206 1134 conpertum
1224 1046 1290 1113 sibi
1301 1047 1396 1113 etiam
1409 1067 1451 1114 ex
1476 1050 1512 1114 P.
1530 1047 1653 1127 Quirird

310 1164 412 1231 servis
434 1183 557 1229 veneno
580 1183 652 1228 eum
674 1184 694 1228 a
714 1161 834 1248 Lepida
855 1161 1000 1250 petitum.

395 1274 455 1362 (et)
477 1276 660 1342 Inlustrium
684 1279 833 1341 domuum
856 1274 987 1342 adversa
1008 1277 1139 1357 (etenim
1167 1274 1249 1342 baud
1270 1275 1403 1342 multum
1426 1275 1554 1343 distanti
1575 1283 1653 1341 tem-

309 1409 388 1479 pore
418 1391 580 1475 Calpurnii
610 1389 776 1465 Pisonem,
810 1388 937 1455 Aemilii
963 1391 1115 1473 Lepidam
1137 1388 1320 1475 amiserant)
1341 1388 1453 1456 solatio
1476 1387 1592 1455 adiecit
1612 1372 1649 1454 ll.
1673 1469 1677 1477 ³

311 1506 433 1570 Silanus
462 1506 572 1569 Iuniae
603 1501 740 1568 familiae
773 1504 929 1568 redditus.
962 1523 1069 1567 casum
1098 1504 1167 1568 cius
1188 1503 1297 1589 paucis
1317 1512 1470 1590 repetam.
1494 1513 1530 1569 ut
1550 1504 1654 1568 salida

271 1619 384 1684 ardiso
412 1622 555 1702 Augusto
576 1616 609 1681 in
631 1614 879 1703 rempublicam
901 1613 1041 1692 fortune,
1074 1618 1118 1681 ita
1147 1615 1231 1682 domi
1254 1617 1441 1704 inprospera
1461 1615 1521 1683 init
1543 1619 1584 1682 ob
1605 1618 1655 1680 iu·

308 1729 490 1818 pudicitiam
512 1728 597 1795 filiae
618 1749 656 1796 ac
675 1731 798 1816 neptis,
832 1749 911 1815 quas
932 1731 1012 1794 urbe
1034 1728 1156 1814 depulit
1176 1730 1398 1818 adulterosque
1421 1750 1530 1795 earum
1551 1738 1655 1796 morie

309 1851 365 1909 aut
393 1844 468 1927 tuga
500 1845 634 1930 punivit.
666 1864 739 1908 nam
770 1844 895 1926 etrlpam
925 1847 1009 1908 inter
1040 1844 1128 1908 viros
1160 1863 1197 1909 ac
1228 1842 1361 1909 feminas
1382 1845 1541 1930 rourum
1563 1841 1653 1927 grari

308 1957 437 2022 nomine
458 1956 615 2023 laesarum
630 1955 823 2040 religionum
843 1954 1029 2021 acriolatae
1044 1955 1212 2022 maiestatis
1225 1956 1430 2043 appellando,
1454 1955 1653 2022 clementiam

309 2071 467 2136 maiorum
488 2090 625 2156 suasque
646 2071 714 2155 ipsa
733 2068 820 2154 leges
834 2070 1068 2154 egrediebatur.
1085 2068 1143 2137 sed
1154 2069 1287 2136 aliorum
1304 2070 1425 2146 exitus,
1441 2068 1534 2136 simul
1549 2079 1654 2135 cetera

380 2254 406 2302 1.
425 2251 457 2301 L.
469 2251 513 2302 M:
525 2253 604 2304 Lucio
613 2252 645 2301 Β.
658 2278 686 2289 -
698 2251 725 2301 2.
739 2251 955 2319 {lepitintumpue
965 2253 995 2302 in
1004 2253 1042 2303 Μ.
1061 2275 1088 2287 -
1103 2253 1129 2302 2.
1144 2252 1246 2304 liubetli
1257 2254 1300 2304 ii:
1312 2252 1425 2303 liubeliii
1437 2253 1468 2303 Β.
1484 2276 1513 2287 -
1528 2252 1554 2303 3.
1568 2252 1655 2317 adque

308 2321 347 2373 Μ.
378 2346 406 2357 -
435 2322 496 2372 ude.
524 2324 568 2373 M:
597 2336 651 2374 ess.
677 2325 709 2375 B.
738 2348 772 2357 -
791 2324 819 2374 5.
838 2337 916 2387 conp.
936 2323 978 2374 M:
999 2336 1081 2386 comp.
1102 2324 1133 2371 ii.
1161 2349 1189 2361 -
1219 2325 1250 2374 P.
1269 2324 1313 2374 M:
1334 2324 1421 2374 Publii
1438 2323 1470 2372 B.
1496 2346 1522 2358 -
1550 2322 1655 2386 Quirini

308 2392 442 2457 llyclriuet
464 2391 581 2455 Quirinii
597 2394 660 2447 ΜΒ.
682 2421 711 2433 ·-
731 2394 758 2445 7.
780 2393 832 2445 ini.
852 2395 895 2444 bi:
916 2394 958 2444 iit.
979 2394 1010 2445 Β.
1030 2420 1057 2430 -
1080 2394 1186 2444 ndentes
1199 2392 1237 2445 Μ.
1259 2420 1289 2431 -
1310 2394 1336 2445 3.
1356 2393 1412 2457 cdf.
1432 2394 1475 2446 M:
1496 2394 1542 2459 off.
1562 2392 1602 2445 ii.
1620 2417 1654 2431 -

308 2463 345 2515 D.
364 2462 409 2515 Mt
430 2464 553 2519 Decimus
572 2467 602 2515 Β.
632 2492 661 2503 -
690 2466 735 2516 10.
753 2466 809 2527 inp.
829 2464 869 2517 bis
887 2463 936 2516 M:
953 2465 1018 2527 imp.
1037 2463 1069 2515 Β.
1090 2490 1123 2502 -

308 2616 429 2684 Aupusto
454 2614 555 2681 nurus]
588 2620 693 2685 insigne
712 2620 791 2671 boine
814 2621 852 2672 rei
871 2631 966 2670 moun·
1002 2618 1113 2669 turmula
1128 2632 1201 2682 eque
1219 2626 1300 2683 utque
1317 2621 1376 2684 tuni
1392 2620 1547 2671 interdicere
1564 2619 1590 2676 3,
1605 2619 1650 2670 ce.

309 2707 428 2749 mentum
447 2706 532 2751 esstat
549 2703 576 2750 iu
595 2701 653 2752 basi
671 2708 775 2752 statuae
794 2700 866 2752 baud
886 2703 964 2751 nimis
1002 2699 1160 2761 imperiecto
1178 2703 1281 2758 utitur,
1312 2703 1377 2762 quia
1396 2714 1421 2752 r.
1442 2699 1556 2752 reicrtur
1572 2701 1606 2752 ed
1627 2703 1654 2750 id

309 2780 435 2841 puicbrae
453 2779 583 2831 Pudentis
601 2784 784 2845 grammatici,
808 2792 889 2843 quam
908 2782 965 2840 ipse
1002 2782 1129 2841 temporie
1148 2787 1295 2842 puuctum,
1315 2794 1370 2843 qun
1387 2780 1525 2832 Rubellius
1545 2786 1654 2830 sentem

308 2860 430 2923 Bergomi
449 2872 530 2922 saepo
549 2860 620 2910 ridi:
648 2858 966 2912 revereamur!-
1003 2862 1064 2910 tiam
1096 2860 1170 2911 dirit.
1202 2881 1234 2894 -
1263 2874 1296 2910 ue
1317 2860 1402 2921 boue]
1434 2873 1503 2924 uuae
1532 2860 1655 2912 exulibus

307 2939 357 2990 Di.
377 2937 408 2988 L.
433 2937 699 2991 GRAMMATIOVS.
724 2938 963 2990 Procrusten.
1001 2942 1099 2995 adimi,
1121 2946 1192 2991 certe
1211 2943 1333 2991 imminui
1353 2940 1483 2993 solebant.

307 3017 418 3069 ΕΒΔΜ.
447 3019 610 3070 seriniis.
633 3018 835 3082 MOiiESQVd.
860 3018 965 3069 REGE·
1036 3020 1080 3070 at.
1107 3017 1232 3083 repetem]
1252 3020 1365 3071 narrabo
1385 3033 1532 3072 memorans
1551 3021 1655 3083 priores

306 3097 393 3149 ΒΑΜ.
412 3098 500 3150 DVM.
527 3098 611 3147 virt.
631 3097 774 3149 MANSIT.
789 3098 962 3149 cassinis.
1002 3102 1059 3152 eins
1077 3101 1283 3152 vicissitudines.
1303 3126 1337 3135 -
1349 3101 1442 3152 ualida
1454 3124 1463 3137 ·
1477 3126 1487 3139 ·
1499 3103 1527 3151 in
1538 3113 1595 3149 reus
1605 3114 1656 3162 pu·

306 3176 397 3228 iiie.
417 3177 540 3228 NViii'S.
559 3176 792 3230 PHiLOLOGVS.
812 3176 964 3228 Discret—
1002 3177 1112 3244 tticum]
1136 3179 1270 3231 alderetus
1290 3180 1389 3232 dictum
1409 3180 1559 3242 prevalida
1580 3184 1607 3230 in
1626 3193 1655 3231 re

308 3257 384 3308 LVS.
405 3256 568 3316 Grandia,
591 3258 617 3306 Β.
633 3257 963 3309 inscr.m.1.at.N.ddil.
1003 3260 1107 3322 publica
1135 3261 1249 3324 regenda
1276 3269 1357 3325 etque
1383 3261 1504 3312 omnibus
1528 3263 1654 3321 inceptis,

307 3337 408 3388 Seressi
428 3336 545 3387 Dissert.
567 3350 648 3399 sopra
669 3338 795 3404 t’epitofio
808 3339 836 3387 di
848 3338 965 3389 Pudente
1002 3353 1070 3404 quae
1089 3340 1122 3389 ad
1141 3353 1199 3390 eam
1219 3340 1407 3403 pertinebant,
1427 3341 1602 3403 exsequendis
1628 3346 1657 3390 et

306 3421 334 3469 in
352 3413 478 3482 calogeri
496 3417 627 3469 Ruecotiu
653 3418 725 3469 xii.
754 3431 780 3481 p.
810 3418 872 3468 373.
904 3420 964 3469 Fuit
1002 3420 1196 3483 perpetrandis.
1246 3420 1306 3482 ipsa
1335 3427 1425 3471 autem
1454 3422 1655 3472 constructione

306 3501 386 3562 igitur
404 3498 510 3549 Pudens
536 3498 645 3549 libertus
664 3498 747 3549 Maoii
759 3498 855 3560 Lepidi
877 3498 963 3549 iratris
1000 3500 1162 3564 significatur
1188 3504 1242 3550 aeri
1269 3500 1397 3551 industria
1418 3512 1450 3550 ac
1473 3503 1590 3562 potentia
1620 3499 1654 3552 ad

305 3578 443 3640 Lepidam
462 3591 548 3629 nurus
567 3577 687 3630 Caesaris
704 3579 838 3643 Augusti,
864 3581 964 3630 scilicet
1001 3580 1027 3629 id
1046 3593 1112 3642 opus
1131 3578 1223 3631 inisse.
1244 3605 1275 3617 -
1300 3576 1403 3643 neptis]
1429 3578 1512 3629 Iuliae
1532 3582 1655 3641 minoris,

306 3671 372 3710 uror
390 3658 521 3710 destinata
545 3657 576 3708 Ι..
598 3657 702 3710 Caesari
726 3659 760 3708 ab
779 3658 899 3723 Angusto
918 3660 960 3710 ad·
1000 3660 1070 3711 tiliae
1096 3663 1229 3725 Agrippae
1256 3668 1284 3712 et
1308 3661 1391 3711 iuliae
1420 3663 1537 3711 maioris.
1576 3661 1653 3711 Suet.

307 3745 415 3802 optato,
436 3744 498 3790 ente
518 3740 640 3798 nuptias,
659 3740 824 3794 utridetur.
846 3748 961 3794 mortuo.
1001 3739 1060 3790 Oct.
1078 3740 1130 3790 en:
1154 3740 1258 3797 iuiics,
1278 3739 1361 3804 filices
1380 3752 1412 3789 ue
1430 3745 1547 3802 neptem.
1568 3741 1655 3790 omni·

305 3820 474 3881 ineptissime
504 3826 593 3870 antem
621 3820 692 3881 apud
726 3820 870 3872 Gruterum
900 3828 962 3872 ante
1000 3819 1048 3870 bus
1076 3820 1183 3883 probris
1217 3820 1415 3869 contuminetur
1444 3819 1581 3885 retspuuit.
1622 3844 1654 3855 -

305 3912 403 3951 nomen
430 3900 456 3950 b.
478 3901 495 3950 Ι.
517 3900 653 3962 proprium
679 3899 897 3952 PHILOLOGVS
924 3904 962 3952 io·
999 3897 1149 3964 culpatum]
1167 3900 1261 3958 idest,
1281 3899 1655 3963 tnncpraesertimtreuuen-

307 3981 437 4031 calcatum
476 3985 517 4029 est
549 3993 573 4030 r.
608 3979 758 4030 aridius
788 3994 818 4033 er
848 3980 961 4033 Sueton.
1000 3983 1143 4039 tissimum,
1162 3979 1255 4030 crebro
1273 3980 1375 4029 admitti
1396 3980 1557 4030 mittam.-
1575 3975 1655 4042 tapes]

307 4059 427 4110 Gramen.
441 4061 505 4116 10..
526 4060 724 4124 propterquod
743 4060 961 4126 iaciuusilpcisio
999 4062 1127 4123 imprimis
1153 4052 1237 4123 legem
1265 4059 1359 4110 lutiam
1384 4060 1418 4110 de
1441 4059 1579 4113 adulteriis
1598 4063 1656 4111 sire

305 4142 339 4191 ad
367 4139 395 4190 b.
416 4138 433 4188 l.
454 4145 524 4189 totus
553 4139 646 4190 titulus
674 4143 805 4191 immerito
830 4142 902 4193 risus
922 4148 962 4193 est
1000 4142 1032 4192 de
1052 4142 1179 4202 pudicitia
1197 4137 1285 4202 (Suet.
1299 4139 1359 4190 Oct.
1375 4135 1431 4201 31.)
1451 4140 1528 4191 iatam
1548 4153 1573 4189 a.
1587 4138 1654 4189 737.

305 4219 521 4271 subdititiae-
542 4218 644 4269 liubolti
664 4216 773 4282 Blandi]
794 4219 848 4272 Cir.
862 4219 889 4280 3,
903 4222 960 4278 ni..
999 4222 1081 4271 Paulli
1100 4220 1220 4271 sentent.
1241 4220 1272 4275 Β.
1285 4218 1337 4277 tii,
1351 4219 1395 4269 id.
1409 4244 1438 4256 -
1458 4219 1530 4269 iliius
1543 4215 1655 4281 euntis]

249 4308 252 4313 “
305 4302 354 4351 ubi
384 4300 529 4350 consularis
561 4297 674 4359 dicitnr;
713 4299 806 4350 consui
831 4300 961 4352 suileetua
999 4302 1117 4363 Respicit
1130 4301 1238 4351 Tacitus
1254 4299 1325 4350 baud
1340 4298 1463 4349 dubicad
1474 4300 1655 4363 respectasab

305 4385 368 4431 anni
388 4384 497 4440 incerti,
516 4382 543 4429 in
562 4378 636 4429 iustis
656 4380 748 4430 saitem
767 4379 867 4429 Baiteri
887 4379 959 4430 baud
997 4381 1126 4445 Augusto,
1134 4378 1563 4444 quasscrtntumsstationarium
1572 4392 1655 4440 opere

304 4467 485 4517 memoratus;
513 4472 584 4509 aooo
610 4473 638 4510 u.
658 4472 682 4508 c.
702 4460 763 4510 771.
790 4462 881 4511 nescio
909 4474 960 4525 qua
999 4461 1134 4512 absoluto.
1171 4460 1293 4511 Niebuhr
1315 4458 1653 4520 parturientium

304 4539 959 4602 auctoritateassignatiiasercampiusTbesaur.
998 4542 1060 4591 eut.
1090 4538 1194 4603 (iiieine
1207 4538 1338 4601 Schriften
1357 4539 1392 4588 ii.
1412 4551 1438 4598 p.
1458 4535 1533 4596 aas.)
1560 4538 1652 4588 Brun.

303 4623 374 4674 Mor·
395 4633 421 4682 p.
440 4619 504 4670 eud.
532 4619 597 4670 Eius
617 4627 711 4681 pater,
730 4625 761 4669 ut
778 4620 900 4678 ridetur,
921 4626 961 4672 cst
999 4623 1073 4673 Clare
1093 4627 1182 4671 autem
1202 4619 1268 4669 dicit
1291 4619 1365 4668 titius
1390 4619 1505 4677 aetatis,
1539 4618 1655 4682 Augusti

304 4703 403 4754 ibidem
423 4704 450 4752 iu
469 4698 960 4753 nummoC.iiVBiiLLiVS.BLAii·
999 4701 1139 4759 videlicet,
1166 4699 1251 4757 adeo,
1281 4706 1310 4747 ot
1335 4710 1443 4759 prorsus
1461 4699 1599 4748 arbitraria
1618 4700 1657 4748 sit

303 4781 383 4833 DVS.
404 4780 431 4831 S·
453 4779 482 4829 G.
501 4778 616 4831 iiii'ill.
635 4780 666 4829 Δ.
680 4780 713 4829 Δ.
727 4780 761 4828 A.
774 4779 805 4829 F.
818 4778 868 4840 F.;
890 4780 959 4832 iilius
999 4780 1113 4833 Waicbii
1141 4782 1232 4841 opinio
1256 4791 1271 4828 a
1292 4779 1393 4829 litttero
1417 4777 1457 4826 bis
1476 4778 1562 4828 serbis
1581 4790 1655 4826 com·

305 4869 394 4913 autem
420 4871 549 4922 progener
573 4859 694 4918 Tiberii,
723 4859 790 4909 inira
808 4858 843 4919 c,
862 4860 906 4910 27.
927 4887 959 4897 —
998 4860 1124 4922 probata:
1146 4860 1301 4922 «ingeniosa
1322 4865 1349 4908 et
1367 4858 1438 4907 baud
1458 4861 1514 4908 scio
1532 4868 1567 4906 an
1587 4869 1650 4906 sera

305 4937 425 5003 Scauro]
451 4938 596 4990 Mamerco.
626 4940 658 4999 i,
677 4939 721 4988 13.
746 4939 778 4995 d,
806 4939 851 4990 29.
889 4941 960 4991 iiuic
998 4942 1077 4990 ctiam
1098 4938 1212 4988 Waicbii
1232 4941 1418 4989 estaeutentia
1445 4936 1591 4998 (proposita
1617 4936 1653 4985 ad

304 5023 386 5084 igitur
412 5024 472 5081 post
500 5019 643 5082 repudium
667 5030 683 5069 a
707 5017 819 5081 Quirino
847 5024 955 5072 missum
997 5020 1084 5081 Agris.
1105 5032 1130 5079 p.
1152 5013 1243 5080 ren),
1275 5017 1397 5068 'i'ecitum
1415 5017 1481 5067 baec
1500 5015 1655 5078 pollicendo

302 5100 404 5165 Lepida
421 5105 558 5166 nupserat.
580 5123 611 5137 -
629 5097 790 5168 arcebatur]
817 5113 865 5167 pro
883 5102 958 5157 tolita
996 5099 1101 5153 nuntiisi
1127 5097 1250 5150 historiae
1270 5096 1378 5149 Traiani
1404 5108 1419 5148 a
1442 5110 1472 5150 ae
1491 5108 1655 5158 componen-
