3612 5880
331 457 394 523 iis
722 456 911 524 CORNELII
932 455 1294 524 inclitissimis

332 615 487 694 destiam,
508 622 545 683 ut
564 621 729 683 contentus
751 622 845 682 esset.
892 636 997 703 neque
1017 636 1091 683 raro
1114 635 1218 704 neque
1239 616 1323 703 epud
1344 633 1462 703 paucos
1478 613 1558 682 telis
1578 616 1671 682 iacie-

331 732 402 811 bat;
426 737 459 796 et
479 737 598 797 secretu
613 748 741 817 quoqne
762 728 831 795 eius
852 706 1129 816 corruptu'uxoro
1144 732 1371 816 prodebantur.
1409 726 1453 813 (8)
1475 730 1571 814 igitur
1584 728 1671 795 Seiu-

331 860 391 909 uns
412 844 633 910 maturandum
654 852 738 909 ratus
760 841 869 927 deligit
889 862 1131 930 venenumque
1152 841 1302 931 paulatim
1330 844 1495 930 inrepente
1522 840 1670 908 fortuitus

331 954 461 1023 morbus
483 955 734 1023 adsimularetur.
771 957 807 1022 ld
828 960 932 1022 Druso
954 954 1061 1023 dutum
1082 977 1142 1045 per
1162 958 1306 1042 Lygdum
1326 953 1520 1039 spadonem,
1541 964 1578 1022 ut
1598 964 1670 1021 octo

309 1077 404 1160 spost
431 1088 531 1137 annos
559 1068 722 1156 cognitum
752 1076 810 1135 est.
856 1076 997 1136 ceterum
1019 1067 1162 1136 'liberius
1190 1090 1248 1156 per
1269 1088 1380 1136 omnes
1402 1067 1582 1135 solitudinis
1604 1071 1671 1135 eius

332 1182 414 1259 dies,
442 1181 533 1250 nullo
558 1191 662 1259 metu,
690 1203 731 1250 an
757 1191 793 1249 ut
818 1179 1043 1249 firmitudinem
1071 1180 1167 1248 animi
1194 1188 1383 1258 ostentaret,
1406 1184 1499 1248 etiam
1523 1184 1672 1249 defuneto

331 1299 466 1363 necdum
488 1296 628 1384 sepulto,
652 1296 773 1363 curiam
794 1298 954 1382 ingressus
978 1306 1038 1364 est.
1076 1301 1287 1388 consulesque
1301 1304 1377 1368 sede
1392 1298 1514 1384 vulgari
1527 1316 1586 1384 per
1600 1316 1673 1383 spe·

331 1408 411 1475 ciem
433 1410 607 1476 maestitiae
629 1408 774 1477 sedentes
795 1409 927 1475 honoris
948 1409 1072 1497 locique
1097 1411 1278 1493 admonuit3
1316 1422 1349 1480 et
1368 1412 1504 1479 ell‘usum
1524 1413 1559 1476 in
1580 1409 1673 1476 lucri·

331 1542 399 1588 uras
420 1532 581 1600 senatum,
602 1523 688 1591 nicto
710 1524 848 1610 gemitu,
872 1522 966 1590 simul
987 1524 1129 1591 oratione
1152 1525 1301 1592 continua
1314 1528 1440 1593 erexit:
1464 1544 1529 1591 non
1545 1523 1673 1612 quidem

295 1636 560 1722 sssibirignurum
583 1656 678 1722 posse
699 1636 805 1723 argui,
828 1640 913 1726 quod
938 1646 1003 1703 mm
1028 1641 1149 1704 recenti
1170 1639 1280 1706 dolore
1300 1638 1433 1705 subierit
1454 1638 1562 1705 oculos
1583 1657 1675 1703 senu-

332 1758 401 1817 tus:
428 1754 484 1816 vix
510 1752 761 1851 propinquorum
788 1749 935 1837 adloquio
964 1749 1111 1829 tolerari,
1141 1753 1196 1818 vix
1222 1752 1306 1819 diem
1333 1750 1454 1840 adspioi
1474 1773 1493 1817 a
1512 1751 1673 1839 plerisque

329 1861 517 1949 lugentium.
552 1884 656 1949 nsque
679 1863 751 1930 illos
771 1862 986 1931 inbecillitatis
1010 1866 1226 1931 damnandos:
1247 1885 1283 1930 se
1297 1873 1402 1931 nmen
1415 1863 1547 1931 fortiore
1562 1864 1673 1930 solatia

332 1975 544 2061 eoourplexn
566 1976 614 2042 rei
637 1974 780 2064 publicae
801 1977 963 2065 petivisse.
1001 1976 1232 2064 miseratusque
1246 1981 1407 2063 Augustae
1429 1986 1603 2044 extremam
1624 1997 1674 2042 se·

330 2097 470 2167 nectum,
498 2087 610 2156 rudem
640 2088 742 2157 adhuc
769 2099 918 2178 nepotum
940 2097 974 2156 et
994 2099 1178 2175 vergentem
1201 2098 1337 2158 aetatem
1359 2111 1464 2167 snam,
1486 2098 1523 2156 ut
1544 2091 1674 2156 Germa·

293 2204 395 2270 ssuioi
415 2202 524 2279 liberi,
553 2204 646 2268 unica
675 2203 885 2290 praesentium
910 2207 1066 2271 malorum
1088 2203 1278 2279 levamenta,
1301 2207 1526 2271 inducerentur
1545 2205 1671 2291 petivit.

333 2317 454 2402 egressi
479 2318 625 2383 consules
654 2314 795 2382 firmatos
823 2316 973 2404 adloquio·
994 2315 1248 2384 adulescentulos
1268 2316 1483 2404 deductosque
1505 2325 1575 2384 unte
1597 2318 1675 2383 Cae·

331 2450 434 2495 serem
449 2436 597 2498 statuunt.
635 2431 749 2517 quibus
770 2429 934 2516 adprensis
958 2437 1088 2515 «patres
1109 2430 1296 2515 comprimi,
1318 2433 1402 2497 hos»
1425 2430 1529 2517 inquit
1556 2428 1675 2497 sorba·

331 2550 380 2608 tos
409 2550 539 2627 parente
567 2542 683 2609 tradidi
711 2550 825 2628 patruo
851 2542 1011 2628 ipsorum,
1039 2552 1247 2629 precatusque
1268 2564 1356 2621 sum,
1380 2564 1572 2631 quamquam
1594 2551 1697 2610 esset*

330 2655 377 2722 llll
403 2654 534 2743 propriu
562 2657 710 2733 suboles,
734 2677 774 2721 ne
795 2676 886 2722 secus
907 2678 1001 2745 quam
1024 2676 1115 2723 suum
1138 2657 1322 2743 sanguinem
1344 2656 1468 2723 foveret
1489 2678 1527 2722 ac
1548 2656 1676 2724 tolleret

293 2796 322 2837 se
332 2768 455 2856 sibique
476 2777 508 2835 et
536 2771 672 2853 posteris
701 2768 924 2835 conformaret.
970 2778 1080 2857 erepto
1101 2775 1205 2836 Druso
1227 2789 1339 2854 preces
1359 2771 1401 2835 ad
1421 2790 1479 2836 vos
1501 2778 1674 2847 converto,

400 2981 428 3032 1.
446 2978 549 3031 tocelot
565 2980 605 3031 ll.
625 3005 657 3017 -
676 2979 703 3030 Β.
720 2984 855 3031 moturum
872 2980 937 3029 dum
955 2979 993 3031 ll·
1020 3003 1052 3016 -
1069 2979 1124 3030 ter.
1142 2979 1187 3032 M:
1208 2979 1259 3030 irr.
1279 2979 1311 3030 Β.
1333 3004 1363 3018 -
1381 2978 1409 3031 l·
1428 2980 1487 3032 ods-
1504 2979 1551 3031 lls
1570 2994 1623 3033 uss,
1642 2980 1674 3031 ll.

333 3076 363 3089 -
384 3050 412 3102 ὅ.
432 3063 488 3100 oms
506 3048 566 3101 cusi
584 3050 632 3101 liu.
652 3050 691 3101 ll.
711 3073 743 3086 -
760 3051 920 3103 solitudines
937 3050 976 3101 ll.
998 3074 1029 3086 -
1048 3048 1075 3099 o.
1094 3053 1167 3101 victu
1184 3050 1221 3101 ll.
1242 3076 1275 3087 -
1295 3052 1336 3101 ii.
1356 3051 1443 3113 aspice·
1461 3050 1498 3102 ill.
1518 3077 1549 3089 -
1569 3053 1614 3102 it.
1635 3053 1676 3100 iss·

332 3120 483 3175 lorillituts‘s
500 3120 546 3172 ll:
564 3120 751 3172 imbecillitatis
769 3121 800 3170 Β.
821 3145 853 3157 -
873 3119 917 3170 17.
937 3122 1075 3184 adprensis
1093 3121 1138 3170 lle
1158 3121 1296 3184 oppressis
1315 3122 1346 3171 Β.
1367 3120 1436 3173 Ante
1451 3121 1601 3174 Bellorum
1620 3126 1677 3174 erat

330 3192 509 3257 apprehensis.
531 3216 560 3229 -
582 3191 624 3242 18.
641 3192 747 3256 parenti
765 3189 802 3243 ll.
821 3214 855 3227 -
871 3195 1017 3258 pectusque
1035 3204 1095 3242 cunr
1114 3191 1177 3250 liu„
1200 3191 1226 3242 ld
1246 3198 1301 3255 est.
1318 3199 1514 3257 protectusque
1525 3192 1565 3245 Μ.
1585 3191 1676 3243 -1Β.

331 3260 432 3327 superet
451 3261 586 3323 attolleret
602 3262 642 3315 M·
661 3261 781 3316 Correxit
799 3261 956 3314 Beroeidus.

331 3451 410 3515 deos,
424 3459 455 3505 ut
466 3452 622 3505 modestiam
632 3453 728 3506 seleno
739 3453 860 3506 durent.»
881 3454 983 3507 senece
1021 3457 1145 3506 ustorum
1164 3455 1358 3507 communibus.
1407 3455 1529 3508 lluruiiss
1548 3460 1618 3509 euim
1635 3468 1679 3509 se·

331 3532 519 3585 Controuiiis
533 3533 854 3598 essneepreoseeseetc
868 3544 985 3598 optemus
1021 3541 1144 3586 ustorum
1171 3537 1288 3586 omniurn
1314 3535 1410 3596 sedes,
1445 3535 1513 3588 ultre
1547 3539 1574 3587 in
1603 3537 1679 3589 seiiis

330 3613 570 3665 mretries‘donum
581 3620 704 3671 mentem.
740 3615 839 3668 Eadem
859 3616 984 3679 precandi
1022 3614 1160 3666 curulibus
1178 3615 1316 3667 cousuiuus
1336 3622 1362 3668 et
1380 3616 1510 3668 oscelsus.
1531 3616 1634 3669 Lucsn·
1648 3618 1679 3678 5.

331 3693 836 3756 structurec.³o,1a.os.15,17=
863 3697 903 3747 sio
920 3708 985 3760 quo·
1022 3696 1072 3747 152
1105 3695 1137 3745 Ut
1160 3696 1277 3759 primm
1303 3701 1430 3745 mousson
1448 3701 1554 3748 tenuere
1570 3697 1682 3748 mio

331 3785 382 3840 que
399 3775 527 3839 optimum
538 3774 690 3826 Fortunam
701 3774 850 3834 nundum,
870 3782 900 3826 ot
909 3777 986 3839 pedes
1021 3781 1139 3837 coetum,
1164 3774 1290 3825 Lentulus
1308 3771 1421 3839 (consui)
1442 3788 1455 3826 e
1473 3776 1540 3828 sebo
1557 3777 1682 3829 asidaeis

333 3856 457 3918 consectis
473 3856 599 3906 diosmis
614 3856 710 3918 spuriis
732 3857 843 3918 equitem
860 3856 986 3922 adseque-
1021 3856 1082 3907 sede
1097 3852 1235 3917 profatur.
1273 3854 1351 3908 Osld.
1371 3870 1402 3909 es
1419 3855 1550 3912 Ponto&
1569 3858 1602 3917 5.
1622 3858 1680 3909 18:

331 3941 417 3987 retur.
436 3959 471 3975 ·-
503 3934 603 3998 supple
623 3938 701 3999 igitur
720 3938 897 4000 cogitatione:
927 3948 987 3999 pre-
1023 3936 1198 3998 Coosps'cussm
1214 3935 1299 4001 eipso
1316 3949 1376 3986 sum
1389 3942 1495 3999 premet
1513 3937 1586 3987 uitus
1603 3937 1683 3998 ebus,

331 4014 554 4067 wodseseisro
574 4021 625 4067 cet.
662 4016 738 4068 Falso
755 4017 799 4067 eiii
817 4018 984 4078 interpretati
1024 4015 1114 4067 consui
1140 4014 1232 4067 seilesn
1259 4016 1387 4068 curulem.
1435 4015 1510 4068 idem
1538 4018 1577 4068 tls.
1595 4017 1630 4078 4,
1650 4020 1683 4080 Β,

332 4101 394 4148 snut
422 4096 589 4159 prsooodum
618 4094 694 4148 denus
728 4097 888 4149 Modestium
914 4102 984 4157 cst,
1022 4095 1070 4146 28:
1093 4095 1292 4159 sequacesque
1309 4097 1339 4145 is
1355 4094 1421 4145 sedo
1438 4096 1685 4159 mensunusum

334 4187 404 4239 quse
430 4177 531 4233 noerae
560 4188 698 4238 nunqneru
727 4177 797 4229 cuitu
824 4182 865 4230 est
888 4182 933 4237 et,
964 4178 986 4227 si
1024 4175 1126 4233 corut,
1154 4175 1190 4225 iis
1208 4179 1294 4225 totum
1311 4175 1440 4228 Numidae
1457 4176 1576 4239 seetpttte
1592 4178 1689 4251 deseth

332 4271 381 4321 pro
400 4256 449 4308 dee
469 4255 556 4307 habite
577 4262 667 4316 esset,
695 4257 851 4309 taruennae
875 4258 902 4307 iu
921 4269 987 4319 qne·
1024 4267 1101 4319 opos.
1138 4254 1230 4307 Simile
1256 4255 1322 4318 qnid
1345 4257 1433 4308 iocum
1458 4257 1554 4308 hebuit
1584 4262 1612 4309 in
1640 4273 1687 4313 se-

333 4338 386 4390 reie
405 4337 509 4389 nouutsi
527 4347 542 4385 e
561 4336 638 4388 Floro
657 4349 688 4387 ec
705 4336 833 4389 similibus
851 4337 986 4401 scriptori·
1024 4342 1088 4387 netu
1108 4342 1168 4398 post
1185 4341 1334 4388 nuntiatam
1350 4337 1464 4401 Augusti
1483 4345 1596 4390 mortem
1612 4346 1688 4391 teste

332 4417 400 4476 bus,
426 4428 596 4481 nequequam
620 4417 747 4469 sTucito
772 4420 808 4469 its
827 4430 987 4470 commemo·
1024 4416 1110 4468 Dtoue
1137 4417 1185 4477 56,
1214 4417 1266 4468 ³1:
1296 4412 1491 4481 Ἔκαδέζοντο
1516 4414 1548 4468 δὲ
1576 4417 1608 4471 οἱ
1624 4419 1687 4484 μὲν

332 4499 383 4549 reri
404 4499 542 4558 potuisset.
561 4497 617 4548 Nec
634 4500 717 4560 magis
735 4497 907 4559 explicarim:
925 4509 986 4559 pre-
1025 4494 1146 4558 πολλοὶ,
1175 4491 1217 4560 οἷς
1235 4511 1293 4548 που
1311 4491 1439 4560 ἕκαστος
1462 4492 1579 4560 sieilia,
1609 4499 1642 4550 ol
1661 4490 1690 4548 δ’

332 4577 446 4629 modom
464 4574 553 4627 Seiani
571 4576 728 4626 modestiore
751 4572 817 4628 κατ’
827 4576 987 4649 εἰρωνείαν.
1024 4569 1134 4627 uinctos
1159 4573 1240 4627 κάτω
1261 4573 1299 4626 ds
1322 4580 1384 4637 τοῖς
1409 4573 1555 4646 βάθροις,
1587 4570 1691 4641 ὁμὲν

332 4680 367 4696 -
383 4651 478 4718 onore]
499 4654 592 4705 Lisiiie
610 4654 700 4705 Drusi.
1024 4654 1065 4724 τῷ
1077 4654 1136 4707 τῶν
1147 4654 1342 4725 στρατηγῶν.
1362 4648 1379 4705 ὁ
1393 4652 1424 4707 di
1437 4654 1496 4707 τῶν
1507 4654 1690 4728 δημάρχων.

366 4735 393 4787 8-
419 4731 637 4798 adsimularetsr]
656 4733 988 4789 nttsbesesensnoorte
1029 4759 1056 4771 -
1077 4732 1220 4800 adloquio]
1250 4728 1454 4787 consolationes.
1492 4735 1561 4786 Vide
1584 4749 1630 4790 sse
1652 4726 1727 4795 edl

333 4815 535 4869 similitudieem
565 4812 666 4865 iortultl
693 4812 779 4864 morbi
808 4812 927 4866 luberet.
954 4834 985 4861 -s
1026 4816 1119 4867 Horat.
1139 4815 1362 4879 llpod.1³,182
1383 4816 1611 4880 successuque,
1632 4817 1692 4870 Ds-

333 4902 391 4947 octo
414 4899 476 4958 post
502 4890 598 4957 oenoe]
630 4907 663 4945 eo
687 4896 745 4954 ipso
763 4892 889 4945 sideiicet
906 4884 986 4953 anuo,
1024 4894 1119 4958 fomis
1143 4896 1322 4961 opprimentes
1339 4894 1459 4947 miles
1482 4894 1631 4961 adloquiis.
1656 4925 1691 4938 -

334 4988 389 5039 quo
414 4973 568 5027 interiectus
597 4973 727 5031 Seisnus,
768 4984 828 5023 cusu
855 4972 986 5035 spicato,
1024 4976 1072 5026 otu
1097 4975 1164 5027 dem
1195 4972 1309 5039 asspici]
1336 4975 1436 5027 Plinius
1464 4975 1534 5038 lipp.
1563 4975 1600 5037 Β,
1634 4977 1692 5029 132

334 5056 391 5106 sius
410 5060 492 5114 osor,
513 5055 580 5107 isses
597 5054 698 5107 scelere
717 5051 842 5116 prodidit.
872 5052 922 5104 iiio
941 5052 986 5112 5⁸,
1025 5053 1106 5105 Mitto
1130 5055 1167 5106 ud
1184 5055 1314 5116 Arrium
1341 5068 1407 5120 repo
1431 5062 1462 5109 stt
1479 5055 1589 5111 omtct,
1618 5071 1695 5123 quo-

333 5133 378 5186 ti·
397 5129 473 5188 Lus·
490 5134 596 5187 -seds
613 5128 732 5203 culpmi]
753 5135 780 5183 in
797 5131 928 5185 subselliis
946 5140 990 5186 se·'
1025 5135 1100 5187 mom
1121 5146 1162 5187 me
1185 5146 1277 5187 recem
1302 5136 1387 5188 udtsc
1410 5134 1496 5187 tectos
1512 5135 1605 5190 iterim
1623 5150 1697 5193 eose-
