3620 5880
592 447 709 512 insu
730 446 786 508 xi.
832 442 906 531 cap.
930 445 979 511 ιι.
1005 446 1055 509 ιι.
1081 448 1130 510 ιι.
1461 446 1521 512 ιιι

277 599 339 687 (16)
363 601 488 669 Eodem
509 623 592 669 enno
615 604 846 669 Cheruscorum
875 623 951 689 gens
978 623 1085 687 regem
1114 608 1212 669 Roma
1239 602 1367 691 petivit,
1400 604 1523 669 amissis

190 735 248 800 per
268 715 390 779 iuterna
410 714 494 780 bella
516 714 692 793 nobilibus,
716 725 748 780 ct
768 736 832 781 uno
866 715 991 799 reliquo
1012 715 1120 798 stirpis
1140 714 1262 799 regiae,
1292 718 1345 802 qni
1367 715 1450 802 apud
1471 738 1525 782 ur-

95 876 98 880 »
191 825 263 893 bem
296 826 492 903 habebatur,
528 828 654 893 nomine
684 826 821 893 Italicus.
859 834 1025 911 paternum
1054 828 1126 892 buic
1148 848 1246 910 genus
1268 850 1286 892 a
1307 827 1401 893 Flavo
1424 827 1521 893 fratre

190 941 338 1012 Arminii,
360 950 460 1004 mater
473 962 513 1004 ex
531 940 697 1006 (ζιιιιιιιιιιιι
712 939 853 1026 principe
870 940 1053 1007 Chattorum
1083 948 1163 1017 erat;
1185 941 1252 1025 ipsa
1265 941 1367 1005 forma
1382 940 1523 1014 decorus,

190 1060 222 1116 al
242 1054 338 1115 armis
359 1053 510 1138 equisque
531 1051 564 1117 iu
586 1055 722 1135 patrium
744 1061 949 1136 nostrumque
970 1072 1090 1118 morem
1106 1052 1272 1118 exercitus.
1296 1054 1392 1135 igitur
1408 1055 1543 1118 Caesare

189 1172 316 1227 auctum
337 1163 484 1246 pecunia,
507 1164 621 1229 additis
642 1161 859 1247 stipatoribus,
882 1166 1028 1229 hortatur
1050 1163 1165 1248 gentile
1180 1165 1274 1229 decus
1290 1185 1401 1248 magno
1416 1167 1521 1230 animo

189 1295 371 1360 capessere:
408 1274 495 1340 illum
524 1275 662 1358 primum
691 1281 810 1343 Romae
839 1285 959 1351 orium,
996 1297 1054 1341 nec
1076 1275 1217 1341 obsidem
1238 1279 1294 1342 scd
1317 1278 1436 1351 civem,
1474 1276 1522 1341 ire

190 1399 355 1452 externum
377 1389 417 1451 ad
437 1387 616 1472 imperinm.
654 1409 690 1453 ao
710 1388 813 1476 primo
834 1388 932 1454 laetus
966 1389 1129 1455 Germanis
1150 1391 1320 1464 adventus,
1352 1396 1446 1474 atque
1468 1410 1523 1464 eo,

189 1502 274 1584 quod
296 1498 389 1565 nullis
409 1498 574 1565 discordiis
595 1499 721 1566 inbutus
753 1503 823 1583 pari
851 1501 883 1565 iu
909 1521 1018 1566 omues
1057 1503 1161 1567 studio
1194 1511 1319 1584 agerat,
1356 1500 1521 1576 celebrari,

188 1613 268 1685 coli,
291 1613 387 1676 modo
409 1611 586 1677 comitalem
608 1621 640 1678 el
672 1615 907 1699 temperantiam
921 1613 1160 1689 nulliinvisam,
1182 1615 1306 1700 saepius
1321 1613 1522 1679 vinolentiam
1533 1637 1561 1675 ιι

188 1744 226 1789 ac
245 1721 407 1796 libidines,
429 1733 518 1808 ςιιιιι
539 1724 692 1803 barbaris,
718 1745 885 1809 usurpans.
908 1725 1033 1811 iamque
1068 1725 1151 1813 apud
1172 1728 1348 1812 proximos,
1370 1727 1432 1790 iam
1454 1728 1523 1791 lon·

258 1916 283 1963 1.
311 1928 401 1964 romae
426 1914 466 1966 Μ.
494 1916 649 1966 Emendavit
675 1915 828 1967 Rhenanus.
859 1942 888 1955 -
918 1918 1048 1967 ιιιιιιιιιιιιι
1068 1918 1105 1967 Μ.
1128 1943 1155 1954 -
1178 1915 1203 1965 3.
1223 1917 1302 1966 italas
1319 1915 1347 1966 Μ
1366 1916 1436 1974 1ι.1.,
1455 1915 1521 1965 intra

187 1996 251 2034 non.
273 2009 301 2021 -
321 1984 404 2034 isaeo
423 1986 450 2035 Μ
470 1993 496 2035 et
514 1986 589 2047 spir:
609 1986 706 2035 Fiooic
723 1986 753 2035 ii.
773 1986 827 2037 Cir.
846 1987 917 2036 Αιιιι.
937 1987 969 2046 9,
988 1987 1016 2036 9.
1043 2012 1070 2024 -
1097 1987 1124 2037 d.
1144 1989 1256 2037 amenti
1272 1986 1311 2038 il.
1332 2010 1360 2022 -
1383 1984 1522 2035 Calamam

187 2053 255 2104 inira
282 2054 328 2105 il:
359 2056 501 2105 Actumero
519 2056 544 2105 b.
566 2057 583 2106 l.
602 2055 644 2113 ld,
677 2058 825 2107 Cattameso
849 2068 908 2107 curu
933 2055 1019 2107 Guell.
1040 2055 1142 2107 Puteal.
1162 2065 1212 2107 cet.
1233 2056 1264 2107 B.
1284 2055 1406 2108 Celerum
1428 2056 1522 2106 iudea

187 2125 278 2186 Lipslo
302 2126 415 2175 eundern
444 2125 515 2175 bunc
534 2126 599 2177 laiso
618 2127 766 2176 existimant
789 2138 848 2175 cnm
874 2128 936 2184 illo,
966 2127 998 2176 de
1024 2141 1077 2189 qno
1105 2126 1199 2177 Strabo
1216 2127 1243 2175 t.
1264 2138 1290 2186 p.
1312 2124 1382 2175 999ε
1410 2119 1522 2189 Ῥαμὶς,

186 2189 384 2265 Ου’κρομύρου
398 2192 458 2258 (sic)
467 2197 600 2267 baparpp
614 2189 761 2262 ἡγεμόνος
769 2193 889 2247 Bassos
899 2194 961 2260 (nou
970 2195 1314 2257 Xoissma).,-Cbattoram
1323 2198 1422 2247 littters
1435 2197 1523 2246 Cotto·

185 2277 248 2312 sam
261 2264 300 2321 Μ,
311 2263 342 2312 is.
356 2265 550 2328 «ligoliledlcel
563 2269 656 2327 prioris
665 2270 820 2327 scripturam
831 2266 903 2327 dedi,
918 2279 999 2330 quassa
1008 2267 1069 2317 alibi
1083 2270 1161 2317 etiam
1174 2267 1387 2328 alterationes.»
1399 2267 1520 2315 lisrrsn.

88 2372 98 2393 ,
187 2357 220 2369 -
238 2334 265 2383 d.
285 2333 405 2397 audam]
425 2343 554 2400 capasiae
572 2336 594 2397 (s
611 2337 688 2387 dasle
708 2350 738 2388 er
757 2337 881 2398 correct.)
899 2337 936 2389 Μ.
967 2362 997 2372 -
1025 2336 1052 2386 9.
1072 2349 1116 2389 eo,
1143 2338 1213 2400 qaod
1230 2336 1275 2395 lt,
1296 2336 1365 2399 spu.
1385 2335 1520 2386 Waltbsr:

185 2417 217 2453 eo
234 2405 321 2466 asapia
336 2406 407 2470 qnod
424 2420 455 2457 er
473 2407 596 2469 interpol.
617 2405 703 2460 Gueii.
723 2405 826 2457 Puteal.
846 2414 897 2458 eet.
918 2408 958 2466 u,
979 2408 1080 2464 Ritter,
1100 2407 1269 2458 Doederlein·
1302 2431 1332 2443 -
1356 2407 1383 2458 9.
1402 2408 1457 2457 tob.
1476 2407 1520 2457 ll:

183 2472 249 2522 imb.
271 2474 299 2522 li.
334 2500 362 2511 -
394 2477 435 2525 iti.
464 2475 554 2525 iaaac
580 2475 624 2533 Μ,
656 2476 682 2526 id
708 2477 779 2539 quod
809 2477 901 2537 probat
925 2476 1094 2528 Doederlein·
1127 2477 1193 2528 biibi
1213 2476 1254 2528 vel
1272 2487 1334 2526 casn
1353 2477 1394 2527 sal
1413 2489 1443 2529 es
1462 2488 1520 2537 seq.

184 2545 880 2679 ffiq'prmusmqqiquua‘raqlequqzrqiqbiqcllq·stylum
900 2548 1000 2598 redolet
1019 2549 1127 2598 variatio
1147 2559 1226 2612 quam
1243 2546 1387 2610 aequalitas
1401 2555 1520 2599 constru-

185 2783 214 2827 et
241 2778 455 2838 provincialibus.
483 2776 526 2839 (Ν.
547 2778 608 2829 dib.
630 2778 692 2829 tae.
708 2776 783 2839 713.)
804 2802 833 2814 -
870 2792 975 2830 scenam
991 2782 1115 2839 emisset,
1134 2781 1283 2843 temptas
1300 2793 1333 2830 ea
1350 2780 1461 2829 Etruria
1478 2793 1521 2829 ac·

181 2854 342 2920 plebiscitis]
367 2858 447 2920 Atqui
466 2858 515 2909 sub
533 2858 644 2910 Claudio
665 2860 771 2909 comitis
790 2858 835 2907 bs·
871 2860 976 2909 eundae
992 2866 1153 2921 putaremus.
1176 2885 1206 2895 -
1232 2862 1361 2923 primvm
1385 2856 1519 2922 Etruriae}

182 2934 243 2985 besl
269 2948 300 2985 nc
326 2935 463 2998 plebiscita
491 2938 547 2988 deri
572 2938 672 2988 dudum
691 2938 832 2989 desierant.
872 2937 958 2989 Locus
987 2941 1138 3000 primarius,
1176 2939 1223 2989 sad
1248 2938 1390 2989 admodum
1417 2946 1520 2988 contro·

181 3015 238 3065 Αιιι
256 3014 353 3066 ebusus
372 3024 412 3068 est
429 3017 537 3067 Tacitus
556 3020 642 3079 prisco
661 3017 788 3068 vocabulo
800 3018 833 3067 ad
871 3029 961 3068 versas
985 3024 1025 3068 est
1049 3018 1105 3068 Cic.
1131 3017 1165 3068 de
1184 3018 1263 3081 lagg.
1288 3019 1322 3075 9,
1341 3017 1376 3067 ll:
1408 3018 1521 3067 Etruria

181 3094 382 3158 significandam
409 3095 492 3159 legem
517 3097 721 3160 quoquomodo
743 3096 832 3156 latam,
867 3097 999 3158 principes
1018 3097 1184 3159 disciplinam
1202 3098 1306 3159 doceto,
1327 3097 1371 3147 ubl
1389 3098 1521 3159 principes

181 3180 231 3225 sut
243 3176 356 3234 scripsit,
371 3176 443 3237 quod
457 3174 565 3225 Grotius
578 3179 738 3239 suspicatur,
748 3176 833 3239 publi·
871 3176 986 3238 iutcllige
1005 3179 1156 3240 principum
1174 3177 1345 3227 Etruscorum
1365 3177 1447 3237 lilios,
1468 3189 1519 3226 uon

179 3253 276 3303 condis
287 3253 355 3315 plebs·
366 3254 449 3305 sctis.
464 3255 554 3304 Dosn.
572 3257 661 3307 Μιιιιιι
675 3256 738 3305 mibi
753 3267 832 3319 quarn
871 3255 1066 3316 Romanorum.
1085 3263 1112 3308 et
1129 3260 1168 3307 sie
1185 3259 1263 3307 etism
1283 3258 1316 3307 de
1330 3256 1419 3307 illvin.
1433 3258 1459 3311 1.
1472 3255 1519 3305 lsi.

179 3334 241 3384 aliis
268 3333 354 3394 piacet
380 3334 445 3384 baec
470 3333 554 3385 Grotii
580 3338 742 3386 coniectura.
780 3335 834 3385 Cur
872 3335 903 3383 V.
923 3335 1004 3385 Bais·
1037 3361 1069 3371 -
1098 3343 1224 3386 aetnam
1247 3334 1458 3398 superstitiones]
1477 3335 1520 3385 iu·

179 3416 254 3464 enlm
273 3414 321 3463 soii
337 3414 425 3476 plebi,
450 3427 504 3464 uon
525 3415 623 3476 populo
640 3414 760 3465 Romano
784 3429 834 3477 pa·
870 3414 996 3465 dacorum
1023 3417 1150 3476 imprimis
1168 3422 1248 3478 etque
1267 3417 1466 3479 Aegyptiorum.
1488 3441 1517 3452 -

179 3492 284 3559 bitcata
303 3491 400 3543 tuerint
415 3501 523 3545 senatus
541 3495 684 3545 consultat
702 3493 832 3558 Equidem
868 3490 911 3556 aa]
929 3497 1084 3557 nentiquam
1097 3494 1174 3545 iiuale
1188 3501 1242 3556 est,
1263 3492 1313 3545 lea
1329 3491 1391 3560 μή,
1412 3495 1458 3546 sed
1472 3508 1519 3556 pro

179 3571 262 3622 credo
281 3571 337 3620 lieri
357 3575 489 3633 potuisse,
515 3578 544 3624 ut
562 3573 704 3631 Claudius.
725 3575 832 3635 ineptus
869 3577 898 3621 at
916 3586 973 3622 aaa
991 3576 1122 3636 positam,
1142 3580 1173 3624 at
1189 3574 1242 3634 19,
1262 3573 1312 3623 tii:
1343 3574 1415 3624 Vitari
1433 3579 1521 3624 tomen

178 3652 348 3713 antiquitatis
378 3652 532 3712 affectator,
563 3656 668 3703 inanem
700 3653 832 3715 quandam
869 3652 1017 3712 eoaaslait,
1054 3666 1088 3702 ee
1114 3667 1204 3703 eornm
1230 3653 1396 3717 interficeret.
1428 3652 1518 3703 Dosn.

178 3730 381 3793 plebiscitorum
415 3735 577 3782 revocaverit
609 3731 737 3782 umbram.
782 3731 831 3789 (lie
869 3730 921 3782 Cir.
941 3731 997 3782 Cic.
1015 3733 1074 3783 iiis.
1094 3732 1172 3783 (Iseo.
1193 3735 1242 3782 10:
1271 3732 1308 3783 Ne
1327 3744 1381 3794 qao
1400 3732 1520 3782 deductio

178 3809 322 3873 plebiscito
348 3809 399 3861 sub
424 3810 542 3875 Angusto
567 3811 634 3861 lacto
652 3811 712 3862 ride
732 3813 831 3862 liseur·
867 3810 958 3873 peret,
986 3815 1033 3861 tac
1060 3819 1178 3874 potestas
1206 3818 1274 3862 ant.
1318 3810 1393 3861 Verr.
1420 3812 1452 3869 5,
1482 3812 1518 3859 9ε

176 3904 239 3941 sum
259 3889 292 3939 ad
311 3889 382 3939 bunc
400 3887 509 3955 locutu)
547 3891 688 3952 Nunquam
709 3891 831 3942 videlicet
871 3888 958 3938 crossi
975 3889 1083 3940 coasilio
1095 3890 1213 3952 iustam,
1233 3904 1266 3940 ne
1278 3890 1393 3939 transire
1403 3894 1518 3953 possent.

175 3970 300 4021 oblivisci
320 3969 465 4029 debemus,
493 3984 561 4033 quae
584 3971 617 4022 de
636 3970 761 4034 singulari
782 3971 831 4021 bac
869 3968 944 4020 Caes.
964 3968 994 4016 Β.
1016 3969 1046 4019 C.
1067 3970 1101 4029 1,
1123 3969 1175 4019 ilis
1215 3969 1247 4018 id
1270 3983 1302 4018 ae
1328 3969 1387 4032 peri
1409 3978 1518 4032 posset,

175 4048 286 4099 Claudii
313 4048 423 4098 stultitia
454 4048 533 4098 tradit
553 4048 694 4102 Suetonius
713 4049 752 4099 (ΖΙ.
776 4049 828 4099 iti:
868 4047 1004 4097 obsidione
1022 4047 1109 4112 tiebat.
1135 4075 1163 4084 -
1189 4050 1258 4097 inter
1278 4044 1414 4113 ombipaa]
1434 4052 1460 4098 in
1480 4062 1518 4099 re·

173 4127 338 4189 Spectacula
356 4127 517 4189 complura·
539 4129 635 4186 edidit,
659 4143 713 4179 noa
730 4129 831 4178 adlata
868 4126 917 4176 bus
936 4126 1033 4177 dubiis.
1066 4151 1095 4163 -
1126 4123 1209 4191 quae]
1240 4127 1335 4190 supple
1361 4130 1518 4191 cogitatione

171 4207 259 4258 nodo
285 4220 318 4257 oc
334 4207 420 4257 solitis
437 4207 516 4261 luein
544 4209 589 4258 sed
606 4216 631 4257 et
648 4209 830 4259 commenticia
867 4207 1002 4257 instituta,

172 4293 203 4339 st
222 4300 256 4337 ea
274 4287 435 4349 ιιιιιιᾳιιιιαιι
458 4288 570 4350 repaita
590 4293 616 4339 et
632 4288 677 4339 aba·
691 4295 832 4351 praeterea
902 4285 945 4335 ib.
966 4285 1152 4337 Gberascosam
1163 4283 1237 4350 qaeu]
1256 4288 1376 4340 Fortasse
1395 4288 1447 4337 bue
1460 4300 1519 4350 per·

170 4377 255 4417 nenio
272 4372 336 4414 aete
354 4377 422 4415 caes.
867 4367 971 4425 ιιιιιιιι,
1001 4377 1069 4427 quae
1089 4365 1122 4416 de
1142 4363 1332 4418 Germanorum
1352 4368 1442 4431 legatie
1460 4380 1518 4418 nar·

214 4445 260 4495 15.
281 4443 391 4508 callepio
409 4442 588 4507 baruspieaas]
610 4445 752 4511 Collegium
771 4446 828 4497 Lx.
867 4451 908 4495 rat
926 4444 1002 4495 Suet·
1022 4444 1116 4495 claud.
1135 4443 1179 4495 95.
1203 4471 1230 4482 -
1252 4443 1346 4509 Romo]
1366 4446 1516 4497 ablativum

170 4524 349 4586 haruspicum
367 4522 417 4574 sub
435 4524 637 4586 imperatoribus
653 4526 713 4577 iude
726 4539 741 4576 n
754 4526 831 4579 Cian-
868 4527 945 4575 unice
963 4537 1053 4577 aarum
1068 4536 1125 4575 esse
1139 4523 1300 4576 demonstrat
1313 4526 1363 4585 19,
1378 4526 1429 4574 st:
1449 4525 1517 4573 Bar-

170 4604 217 4654 dii
236 4602 400 4664 temporibus
419 4602 499 4655 luisse
519 4611 620 4655 constat
638 4617 669 4656 er
689 4606 771 4657 inser.
792 4620 827 4655 m.
866 4604 946 4654 beros
971 4603 1050 4653 malle
1068 4602 1152 4655 tiemo
1176 4610 1263 4666 petere
1283 4617 1356 4669 sepes
1374 4617 1453 4667 qaam
1469 4603 1516 4652 bo·

168 4685 237 4735 Lai.
252 4681 286 4732 Μ.
300 4681 483 4734 etsi-tiss.
499 4707 529 4719 -
543 4682 733 4748 sanstissimo]
753 4689 830 4748 qnip—
866 4684 932 4734 bere.
955 4708 985 4719 —
1008 4683 1080 4743 opud
1097 4680 1198 4745 arbem]
1219 4697 1271 4734 uon
1290 4696 1371 4745 prope
1391 4682 1513 4741 Romam,

167 4777 212 4828 pe
231 4764 289 4825 ipse
307 4762 373 4813 urbe
391 4762 476 4813 Rome
494 4766 638 4826 antiquior.
658 4789 691 4798 -
715 4765 831 4829 discipli·
867 4769 897 4813 ut
920 4762 986 4812 maie
1014 4761 1152 4821 nonnulli,
1183 4762 1229 4813 sed
1257 4765 1284 4812 in
1310 4765 1367 4824 ipsa
1384 4760 1459 4811 urbe.
1483 4784 1514 4798 -

166 4838 225 4906 ιια]
245 4840 279 4892 de
298 4854 350 4906 qua
368 4841 429 4892 ride
447 4841 543 4894 liniter
560 4840 685 4893 arrasia
703 4842 740 4893 11.
761 4858 787 4905 p.
803 4847 829 4895 t.
867 4842 962 4906 psaltis
988 4838 1079 4904 ᾶιιιιι]
1107 4842 1277 4905 dignitatem,
1314 4852 1381 4904 quae
1409 4842 1514 4901 propria

167 4930 204 4976 et
234 4933 284 4983 per
309 4922 442 4985 epitomen
470 4924 497 4972 lu
521 4921 602 4972 Esseb
627 4922 831 4985 Baepelapaedie
868 4924 1012 4986 pertineret
1035 4921 1068 4972 ad
1096 4923 1154 4972 eius
1179 4926 1282 4984 sentem
1306 4922 1360 4969 slve
1379 4916 1513 4978 lamiliam,

167 5002 214 5053 ii.
236 5000 295 5050 vii.
325 5014 353 5063 p.
379 5000 440 5050 971.
468 5026 497 5038 -
529 4998 645 5066 accitos]
673 5001 829 5054 Pseudoclc.
866 5010 897 5054 ut
914 5000 1011 5065 pentile
1028 5002 1166 5063 impastam
1182 4999 1217 5058 b,
1237 4996 1280 5047 39.
1299 5020 1330 5033 -
1350 4994 1440 5060 civem]
1460 4998 1513 5050 Cir.

166 5082 296 5144 Harusp.
326 5080 378 5131 aas
409 5078 440 5131 st
465 5092 575 5132 erasm
601 5093 682 5144 opace
709 5081 778 5132 iadis
800 5085 830 5133 ta
868 5081 984 5145 Gottllug
1004 5079 1150 5131 timido
1168 5092 1194 5141 p.
1215 5075 1257 5126 it.
1276 5101 1306 5113 -
1333 5075 1513 5143 ambatiam]
