3682 5872
1475 472 1515 532 nt

174 630 215 701 ld
232 629 341 699 Leoni
353 629 400 697 Χ.
422 628 576 697 Pontifici
593 627 671 716 Opi·
688 628 784 697 Man
807 631 969 708 oblatum,
991 629 1026 695 in
1041 624 1235 697 corbeiensi
1256 629 1456 695 monasterio
1470 628 1516 696 ad

174 746 345 834 Visurgim
360 748 543 828 repertum,
565 748 680 810 servat
702 745 878 810 etiamnum
899 744 1015 808 inclito
1034 744 1092 810 iiia
1105 742 1314 810 Bibliotheca
1328 741 1512 808 Medicea·

176 855 312 928 Curtius
332 857 482 925 Plebena
509 857 686 924 adornavit
707 855 884 923 editionem
906 855 1032 938 Taciti,
1065 858 1221 942 omnium,
1251 862 1288 921 ut
1310 858 1383 941 ipse
1404 857 1451 921 ait
1472 852 1515 921 ad

176 973 354 1056 lectorem,
372 1022 375 1031 .
390 972 706 1039 emaculatissimam.
765 969 851 1035 'l'res
881 968 1045 1035 editiones
1076 969 1181 1035 fuisse
1214 988 1235 1036 a
1265 967 1516 1059 Magliobeohio

176 1088 283 1172 visas,
303 1087 379 1172 ipse
401 1088 545 1153 testatus
565 1088 619 1151 est
640 1085 759 1151 loanni
779 1082 958 1150 Vincentio
979 1078 1108 1168 (loppin
1130 1084 1164 1147 in
1179 1081 1367 1148 Annalibus
1388 1085 1423 1148 et
1444 1099 1517 1148 me-

176 1200 392 1268 morabilibus
423 1194 459 1266 S.
481 1197 666 1266 Geminiani
701 1217 777 1288 pag.
801 1193 904 1282 125„
944 1196 999 1261 ubi
1031 1197 1104 1285 agit
1120 1194 1179 1260 de
1210 1197 1293 1261 viris
1323 1196 1517 1262 illustribus.

178 1313 325 1398 Quarum
347 1311 524 1379 editionum
559 1313 683 1398 optima
703 1308 1016 1377 Francoiordiensis
1045 1312 1097 1375 est
1123 1311 1200 1374 unni
1222 1309 1401 1376 Mucvn.
1428 1305 1517 1396 apud

177 1426 351 1497 Claudium
372 1424 539 1492 Marnium
560 1423 766 1510 heredesque
788 1424 924 1490 Ioannis
946 1420 1085 1501 habeti,
1119 1423 1153 1487 et
1177 1426 1228 1487 est
1250 1421 1415 1510 secundo,
1436 1424 1517 1488 vivo

178 1545 334 1626 anctore,
356 1540 565 1606 concinnato.
609 1536 773 1604 Dedicota
795 1539 846 1602 est
861 1536 980 1603 cosmo
1004 1536 1144 1622 principi
1159 1535 1332 1623 Etruriae,
1354 1537 1411 1600 uhi
1431 1535 1518 1600 inter

178 1650 537 1722 mensurnorum
563 1650 630 1716 uit:
672 1651 847 1716 «lunltitur
875 1651 1055 1735 praecipue
1088 1646 1252 1714 Industria
1283 1665 1356 1714 mea
1387 1645 1518 1715 duobus

179 1767 425 1853 exemplaribus
456 1764 649 1830 Florentiae
682 1764 715 1828 in
749 1764 864 1830 inclita
894 1760 1051 1829 Medieea
1078 1760 1288 1829 Bibliotheca
1319 1760 1553 1828 adseruatis*

179 1881 333 1947 Alterum
355 1882 408 1945 est
430 1878 465 1943 in
486 1877 567 1943 orbe
588 1881 750 1943 terrarum
771 1878 918 1957 unicum,
948 1876 1100 1941 Annales
1120 1874 1163 1942 de
1184 1874 1308 1944 ‘ilberti
1330 1877 1518 1962 principatu

180 1993 426 2079 complectens,
448 1992 483 2056 in
503 1989 680 2059 Germanis
703 1990 779 2055 oiim
799 1992 985 2077 repertum,
1007 1992 1042 2055 et
1063 1988 1168 2055 Leoni
1188 1986 1233 2055 X.
1247 1988 1401 2056 Pontifici
1423 1990 1520 2057 obio-

181 2112 263 2195 tum,
300 2121 404 2190 opera
424 2102 571 2189 Philippi
592 2100 768 2185 Berouidi,
803 2104 858 2188 qul
881 2106 947 2168 tum
970 2103 1129 2189 temporis
1155 2101 1266 2167 studio
1295 2101 1521 2169 humaniorum

179 2221 365 2286 litterarum
386 2216 548 2303 florebat,
569 2219 603 2282 ln
625 2217 789 2303 publicum
811 2216 972 2282 emissum.
1015 2216 1169 2283 Ceterum
1191 2219 1264 2282 sive
1287 2216 1522 2302 praecipuaao

182 2333 385 2399 nobilissima
406 2348 488 2415 pers
510 2331 593 2395 tanti
615 2331 762 2396 auctoris
784 2330 988 2415 exspectati,
1010 2331 1109 2396 eitius
1131 2347 1228 2415 quam
1251 2346 1306 2396 res
1325 2330 1521 2413 postularet,

183 2466 201 2513 e
222 2447 374 2512 manibus
404 2444 494 2511 iliius
524 2462 608 2529 opus
631 2443 791 2526 extorsit3
824 2444 897 2507 sive
926 2444 980 2528 qui
1003 2444 1095 2508 metit
1116 2442 1204 2508 hand
1227 2444 1273 2507 ltu
1296 2441 1450 2530 demetit,
1485 2444 1523 2507 ut

183 2560 274 2625 uuila
298 2577 436 2644 prorsus
456 2574 559 2645 seges
578 2556 752 2645 spicilegis
772 2555 994 2641 relinquntur,
1015 2575 1082 2620 nou
1104 2575 1144 2621 ea
1169 2556 1331 2646 religione
1356 2557 1522 2624 transcri-

184 2676 276 2757 ptum
298 2675 333 2738 et
354 2688 550 2755 excussum,
571 2673 608 2734 ut
623 2670 811 2753 proesentis
832 2669 908 2734 aevi
932 2667 1004 2734 iidei
1027 2687 1068 2735 ac
1093 2668 1286 2760 diligentiae
1309 2670 1393 2735 sniis
1412 2669 1523 2753 tieret3

184 2803 288 2873 qnare
316 2783 405 2850 haud
436 2785 597 2849 minimum
625 2783 749 2848 laboris
774 2800 795 2847 a
821 2783 918 2849 nobis
940 2782 1082 2866 positum
1103 2782 1136 2849 ln
1159 2782 1315 2848 eruendis
1335 2783 1524 2849 verioribus

184 2897 384 2966 lectionibus
398 2916 442 2962 ex
468 2896 703 2980 compendiose
724 2915 765 2964 uc
789 2896 902 2963 mutila
915 2892 1091 2981 scriptura.
1126 2895 1321 2963 Bernurdus
1335 2896 1524 2963 Bavannati

184 3015 219 3077 in
241 3011 367 3101 glossis
399 3009 441 3076 ad
463 3011 599 3095 primum
621 3009 737 3075 librum
759 3009 867 3077 'faciti
889 3014 966 3094 post
988 3028 1065 3099 pag.
1087 3005 1150 3077 39.
1171 3013 1237 3077 ait:
1278 3009 1457 3096 «lentum,
1480 3027 1525 3077 ex

185 3144 252 3212 qno
285 3125 389 3191 ceteri
422 3142 535 3189 omnes
566 3120 734 3209 profluunt
765 3141 840 3189 esse
872 3125 1039 3207 repertum
1068 3141 1156 3189 crrno
1176 3121 1344 3191 Muxvr.
1365 3114 1461 3206 (sic)
1489 3125 1525 3189 in

185 3238 350 3306 coenobio
371 3235 414 3302 od
437 3236 619 3326 Visurgim,
641 3234 739 3302 hodie
755 3235 915 3319 Vesorum
937 3239 970 3302 ln
985 3236 1179 3322 Germania,
1201 3239 1301 3325 nique
1316 3254 1336 3303 u
1349 3236 1465 3304 Leone
1478 3234 1524 3302 X.

184 3355 222 3418 in
244 3349 485 3419 Bibliothecam
507 3349 695 3416 Mediceam
723 3350 919 3416 translatum
944 3370 1011 3416 non
1033 3352 1281 3419 accuratissime
1301 3368 1399 3417 manu
1421 3350 1527 3416 luisse

185 3465 440 3550 conscriptum·
497 3464 642 3529 ioannes
669 3460 885 3529 Mobilionlus
916 3464 991 3530 ltin.
1014 3465 1120 3533 italic.
1152 3481 1228 3550 pag.
1261 3459 1350 3529 167.
1376 3460 1528 3530 adfirmat

185 3579 296 3648 ’i'aciti
310 3576 490 3644 Annaliun
509 3576 614 3643 libros
629 3576 772 3663 quinque
785 3578 900 3642 erutos
913 3578 1017 3643 tuisse
1032 3597 1074 3643 ex
1088 3576 1298 3645 Bibliotheca
1312 3575 1469 3642 Buldensi
1486 3575 1525 3668 ¹),

186 3713 254 3780 quo
279 3710 320 3757 ex
336 3686 460 3759 Codice
482 3690 586 3775 prima
607 3687 722 3755 horum
744 3690 900 3756 librorum
921 3689 1022 3756 editio
1044 3710 1133 3757 anno
1153 3689 1303 3758 Moxv.
1326 3692 1443 3757 curata
1463 3694 1527 3756 est.

274 3799 392 3872 Codex
414 3802 683 3869 membranaceus
703 3800 773 3868 Ms.
796 3803 829 3868 in
843 3801 879 3867 4.
893 3798 970 3870 Sec.
984 3801 1046 3869 XI.
1061 3799 1083 3882 ²)
1107 3805 1213 3870 forma
1234 3804 1337 3870 terme
1355 3802 1527 3894 quadratu,

187 3919 381 4003 optimeque
400 3919 575 4000 servatus,
597 3934 691 4001 quem
707 3916 965 4001 antiquissimum
982 3918 1152 4003 exemplar
1166 3918 1314 4003 appellat
1331 3917 1529 3983 Holsienlns

189 4033 223 4098 in
243 4028 383 4098 schedis
413 4030 484 4093 suis
503 4026 591 4093 Mas.
620 4031 654 4093 et
681 4028 768 4094 inter
794 4027 890 4093 huius
912 4028 1142 4097 Bibliothecae
1163 4031 1365 4120 insigniores
1385 4024 1530 4097 Codices

262 4243 290 4311 t)
310 4246 391 4297 Buror
409 4250 450 4296 ast
467 4256 514 4309 pro
534 4241 693 4296 Gorbaienat.
732 4242 782 4295 On.

266 4347 295 4414 B)
315 4347 385 4398 iiuie
403 4356 452 4396 noa
469 4344 558 4396 aeonio
578 4343 745 4396 retereudum
762 4357 819 4398 suaa
838 4346 995 4408 opinamur:
1016 4346 1085 4397 inter
1103 4347 1173 4397 enirn
1187 4343 1296 4399 Codices
1314 4344 1364 4396 ix.
1383 4344 1418 4398 X.
1438 4352 1465 4401 at
1480 4344 1530 4399 xi.

189 4439 292 4496 seculi.
326 4436 373 4500 qni
400 4435 472 4486 uuila
497 4433 603 4486 aliunde
630 4434 813 4500 chronologica
841 4435 1037 4499 distinguuntur
1054 4433 1239 4496 adnotatione,
1270 4435 1337 4487 nihii
1360 4439 1423 4489 rarii
1450 4439 1531 4490 atatui

190 4533 300 4592 potest,
333 4537 393 4577 enm
421 4531 530 4589 propter
556 4526 713 4576 cbaraeiaris
732 4531 761 4576 ni
780 4519 920 4587 plurimum
939 4523 1155 4585 similitudinem,
1184 4537 1264 4588 quam
1290 4538 1353 4590 praa
1380 4540 1408 4579 ae
1434 4526 1531 4590 ierunt.

190 4617 285 4672 conss
304 4613 438 4667 interdum
456 4614 539 4667 seculi
558 4618 621 4667 noni
648 4615 681 4667 ad
700 4614 848 4673 decimum,
880 4620 906 4666 ei
933 4612 1028 4665 decimi
1054 4613 1087 4664 ad
1115 4613 1286 4667 undecimum
1305 4620 1437 4681 pertinere
1456 4629 1533 4681 possa

192 4708 329 4761 rideatur.
358 4703 478 4755 Banunu
515 4701 593 4767 (cnm
620 4704 672 4755 hoc
696 4703 763 4755 cod.
788 4698 911 4755 liedicso
939 4703 1136 4768 ooutunpeudns
1163 4711 1203 4758 esi
1230 4720 1260 4758 ar
1286 4702 1386 4758 Caialdi
1411 4702 1531 4758 ianneiiil

195 4798 280 4853 caui.
301 4794 373 4847 liiii.
393 4792 451 4845 Lai,
470 4793 535 4858 liep-
554 4793 638 4856 lirae.
658 4793 728 4847 idua.
746 4793 827 4844 Buri).
847 4793 958 4855 Neapoli
976 4793 1056 4845 1827,
1075 4806 1101 4857 p.
1122 4793 1186 4845 liba
1212 4792 1318 4849 «Codex
1335 4796 1488 4847 charmelius
1505 4798 1533 4848 in

195 4888 223 4940 t.
243 4886 316 4938 eiara
333 4888 362 4936 et
378 4882 502 4934 distincta
529 4882 674 4935 litterarum
698 4882 783 4935 torma
811 4882 958 4945 descriptus
978 4883 1038 4938 sse.
1057 4883 1129 4936 xvi,
1150 4886 1201 4945 iam
1227 4886 1335 4939 medior
1363 4887 1531 4952 apographon

196 4975 281 5027 dubio
300 4973 395 5038 proeai
413 4972 517 5025 codicis
535 4974 632 5029 Leonta
650 4971 700 5033 1.;
720 4971 800 5025 habat
817 4976 886 5025 enim
906 4972 935 5024 G.
955 4974 1070 5027 Cornelii
1088 4975 1173 5026 Taciti
1193 4978 1292 5038 priores
1311 4975 1377 5030 duos
1389 4976 1532 5030 huuaiium

198 5066 290 5119 libros.
328 5064 452 5130 signatos
471 5062 517 5115 lv.
537 5062 567 5115 c.
586 5062 648 5117 ai.»
685 5062 738 5116 Gur
757 5062 832 5125 quia,
852 5063 902 5114 uisi
923 5060 989 5116 ioris
1008 5064 1041 5117 ad
1061 5061 1202 5117 iaiiendum
1222 5067 1320 5126 ouum,
1339 5069 1400 5128 poat
1411 5064 1533 5122 beroaldi

198 5154 345 5210 didonem
364 5153 532 5218 dasenpsarit
548 5153 617 5206 haue
635 5152 701 5207 cod.
720 5151 793 5210 Mad.
813 5156 930 5217 partam,
949 5151 1067 5219 proiecto
1086 5152 1193 5207 diitieiia
1212 5158 1253 5208 asi
1271 5151 1353 5207 dirtu.
1385 5150 1449 5223 oa.)
