3642 5882
359 419 422 487 enit
748 412 937 479 corinth
958 412 1091 480 TAClTI
1111 410 1319 481 mummii

359 596 440 646 esse.
467 583 561 664 atque
581 575 707 645 interim
727 573 866 660 reliquas
886 572 1028 659 legiones
1048 593 1108 660 pro
1130 576 1201 661 ripa
1219 575 1386 662 Euphratis
1408 571 1505 656 locat,
1526 576 1694 642 tumultun

358 692 438 761 riam
459 686 698 776 provincialium
720 707 845 755 manum
868 696 984 764 mmai,
1005 686 1135 755 hostiles
1157 689 1318 775 ingressus
1339 690 1504 776 praesidiis
1526 688 1694 776 intercipit.

359 812 391 873 et
410 806 486 892 qtria
506 823 604 891 egena
632 822 785 889 aquarum
814 803 902 887 regia
931 808 996 879 esi,
1030 800 1155 869 castella
1181 801 1323 885 iondbus
1348 802 1504 888 inpositas
1543 801 1695 890 quosdam

358 920 443 986 rivos
457 924 609 1002 congestu
622 935 736 983 menae
750 913 880 983 abdidit.
905 912 948 1001 (4)
963 937 1000 983 es
1012 914 1087 983 du'm
1098 936 1118 982 1
1128 916 1306 984 Corbulone
1315 919 1453 984 tuendae
1463 920 1575 984 Suriae
1585 937 1694 1001 paran-

336 1040 423 1107 rtur,
455 1038 523 1097 acto
545 1031 662 1119 raptim
684 1030 809 1119 agmine
830 1033 994 1105 hloneses,
1022 1040 1059 1097 ut
1078 1028 1193 1098 lamam
1214 1033 1263 1098 sui
1284 1031 1435 1119 praeiret,
1457 1051 1522 1098 non
1544 1033 1622 1097 ideo
1642 1052 1694 1096 ne-

356 1145 456 1212 scium
478 1152 532 1213 aut
551 1147 711 1212 incautum
725 1147 882 1231 Tigranen
900 1142 1041 1210 offendit.
1066 1151 1275 1232 occupaverat
1288 1145 1561 1233 Tigranocertam,
1583 1141 1692 1210 urben

356 1259 448 1346 eopia
469 1256 672 1325 defensorum
694 1267 726 1325 et
746 1260 961 1344 magnitudine
981 1259 1142 1325 moenium
1164 1258 1311 1325 validam.
1343 1257 1384 1325 ad
1404 1262 1465 1325 hoc
1485 1257 1693 1344 Nicephorius

356 1374 457 1439 amuis
478 1374 563 1439 haud
584 1370 760 1461 spernenda
780 1371 944 1439 latitudine
965 1379 1086 1459 partem
1107 1393 1271 1439 murorum
1292 1371 1406 1453 aubin
1430 1381 1463 1440 et
1476 1371 1571 1440 ducta
1584 1373 1693 1460 iugem

355 1484 456 1564 fossa,
478 1507 540 1573 qua
561 1484 659 1554 llurio
680 1484 891 1555 diffidebaiur.
915 1486 1104 1573 inerantque
1124 1486 1239 1553 milites
1255 1493 1287 1553 et
1301 1486 1420 1575 provisi
1442 1495 1514 1553 ante
1537 1506 1693 1553 commea·

318 1606 426 1679 sttus3
455 1620 591 1688 quornm
613 1597 765 1667 subvectu
785 1602 877 1687 pauci
897 1600 1020 1666 aridius
1041 1600 1202 1685 progressi
1224 1605 1257 1665 et
1275 1601 1448 1687 repentinis
1470 1598 1618 1666 hostibus
1638 1600 1694 1664 cir

356 1713 514 1783 cumrenti
534 1714 584 1780 ira
604 1715 703 1799 magis
725 1735 820 1800 quum
842 1720 928 1781 meta
948 1721 1070 1780 ceteros
1092 1712 1311 1780 accenderant.
1348 1717 1405 1780 sed
1431 1712 1547 1780 Partho
1574 1715 1617 1779 ad
1642 1736 1693 1779 ex·

355 1831 532 1916 sequendas
552 1829 735 1894 obsidiones
756 1827 841 1893 nulla
861 1827 1037 1894 comminus
1056 1829 1203 1894 audacia:
1226 1827 1306 1893 raris
1320 1827 1440 1914 sagittis
1453 1848 1559 1915 neque
1572 1825 1692 1893 clausos

354 1949 497 2009 exterret
518 1949 550 2007 et
570 1949 670 2008 semet
689 1943 869 2008 frustratur.
913 1939 1068 2007 Adiabeni
1090 1960 1161 2008 cum
1189 1960 1379 2027 promovere
1404 1944 1503 2006 scalas
1525 1947 1559 2006 et
1578 1939 1692 2006 machi

354 2064 499 2123 uamenta
520 2056 717 2142 inciperent,
739 2053 832 2121 lacile
856 2052 989 2135 detrusi,
1015 2074 1090 2120 mox
1112 2054 1348 2143 erumpentibus
1370 2056 1485 2121 nostris
1507 2056 1689 2120 caeduntur.

316 2168 394 2255 seii]
418 2166 555 2236 Corbulo
578 2175 702 2246 mmen,
733 2169 876 2254 wamiis
897 2171 1042 2235 secundis
1062 2171 1159 2235 rebus
1183 2167 1264 2245 suis,
1296 2169 1526 2235 moderandum
1547 2168 1691 2232 iomanes

354 2289 439 2349 ratus
459 2281 544 2350 misit
556 2284 596 2348 ad
610 2280 786 2370 Vologesen
801 2284 855 2369 qui
870 2282 1106 2370 expostularent
1129 2281 1191 2348 rim
1207 2282 1390 2369 provinciae
1405 2279 1543 2347 illatam:
1573 2282 1689 2347 socium

354 2394 554 2483 amicumque
575 2416 702 2482 regem,
724 2395 871 2463 cobortes
890 2400 1045 2465 Romanas
1067 2393 1291 2465 circumsideri.
1314 2394 1474 2461 omitteret
1487 2396 1595 2481 potius
1610 2396 1690 2461 obsi-

354 2508 499 2588 dionem,
523 2518 579 2578 aut
597 2532 631 2578 se
655 2532 781 2598 quoque
802 2510 836 2575 in
858 2531 934 2595 agro
955 2509 1062 2576 hostili
1081 2516 1184 2575 castra
1202 2511 1388 2597 positurum.
1435 2508 1604 2594 Casperius
1622 2527 1690 2573 cen·

354 2624 437 2689 tario
459 2624 492 2689 in
514 2645 583 2689 eam
604 2624 792 2711 legationem
814 2622 953 2690 delectus
975 2621 1059 2708 apud
1081 2624 1232 2710 oppidum
1249 2622 1370 2688 Nisibin
1385 2628 1505 2708 septem
1520 2628 1552 2686 et
1566 2620 1688 2706 triginta

316 2754 345 2796 so
354 2735 480 2802 milibus
501 2758 651 2822 passuum
674 2737 933 2823 aTigranocerta
954 2735 1121 2803 distantem
1143 2737 1208 2801 adit
1226 2756 1337 2821 regem
1359 2744 1391 2801 et
1412 2738 1559 2801 mandata
1580 2733 1688 2801 feroci·

352 2857 403 2916 ter
423 2849 529 2917 edidit
572 2850 722 2937 Vologesi
744 2860 832 2918 vetus
848 2860 880 2917 et
893 2853 1019 2936 penitus
1040 2848 1172 2917 infixum
1193 2857 1261 2916 crat
1281 2870 1367 2917 arma
1390 2853 1530 2914 llomana
1553 2846 1668 2915 vitandi
1675 2870 1685 2927 3

421 3061 447 3112 1.
468 3059 594 3124 minii·
616 3086 646 3098 -
668 3057 708 3111 Tri
725 3063 801 3114 multi
818 3063 900 3113 uaria
917 3063 956 3113 Μ.
981 3083 1014 3100 -
1039 3060 1065 3111 9.
1085 3062 1143 3127 inp.
1162 3061 1211 3114 ii:
1230 3063 1294 3127 imp.
1315 3062 1347 3112 ii.
1367 3087 1400 3096 -·
1418 3060 1444 3110 4.
1464 3061 1582 3111 iarenas
1599 3060 1637 3110 ii.
1659 3084 1684 3096 -

351 3132 441 3195 syriae
459 3133 497 3183 Μ.
527 3156 556 3167 -
588 3132 614 3183 5.
631 3134 764 3196 praeiriret
782 3135 820 3185 Μ.
841 3160 872 3172 -
894 3133 921 3183 6.
941 3129 1054 3200 tygrani
1071 3133 1110 3184 Μ.
1132 3157 1162 3169 -
1182 3138 1397 3199 tygranoceriam
1415 3134 1478 3195 (non
1497 3132 1633 3195 tyranus.)
1650 3130 1684 3181 Μ.

351 3207 420 3255 Ante
439 3204 587 3256 Baliarum
607 3204 721 3255 edehaot
740 3206 939 3270 Tigranocerta.
969 3229 1001 3241 -
1029 3202 1055 3256 i.
1074 3198 1262 3267 magnitudini
1279 3203 1318 3255 Μ.
1342 3227 1373 3239 -
1392 3201 1480 3254 ilabet
1497 3203 1545 3252 iios
1563 3201 1602 3253 Μ.
1621 3202 1685 3252 ints

351 3271 518 3326 Waltherum
538 3272 653 3325 edebant
671 3275 745 3325 itaer.
772 3300 806 3311 -
834 3276 860 3327 8.
881 3274 974 3325 ambiit
992 3274 1031 3327 Μ.
1056 3298 1088 3310 -
1106 3276 1133 3326 9.
1153 3274 1325 3337 inieruntque
1341 3272 1389 3334 Μ,
1409 3286 1461 3324 non
1480 3273 1684 3337 inieceruntque.

350 3351 382 3396 ut
399 3353 520 3397 narratur
538 3344 609 3410 apud
629 3345 788 3398 Bellorum.
809 3371 838 3382 -
859 3346 904 3397 14.
924 3346 978 3396 ced.
998 3345 1036 3398 Μ.
1059 3371 1088 3382 -
1109 3344 1152 3394 17.
1173 3345 1358 3395 circumsedere
1375 3345 1415 3396 Μ.
1436 3344 1473 3394 iix
1492 3346 1555 3407 igr.
1578 3345 1686 3394 correrii

350 3416 484 3479 lipehiusr
516 3422 650 3467 retinuere
671 3415 791 3467 Waltirer
810 3421 836 3471 et
854 3415 988 3468 huebner.
1022 3438 1051 3449 -
1083 3409 1234 3465 obsidionis
1251 3412 1309 3481 istc]
1327 3413 1365 3465 ii.
1382 3410 1420 3451 ’-
1442 3413 1485 3465 iii-
1504 3414 1633 3478 legionem
1649 3414 1684 3465 Μ.

350 3486 469 3541 Correxit
486 3486 659 3540 Puteolanus·
683 3509 710 3522 -
730 3486 775 3537 19.
794 3494 864 3552 supr.
883 3485 921 3537 it.
942 3510 975 3525 -
994 3485 1081 3539 iiahet
1097 3486 1157 3537 edit
1173 3485 1223 3545 Μ,
1242 3498 1295 3537 ncn
1313 3484 1383 3537 adiit
1402 3483 1489 3536 Gueii·
1508 3484 1572 3535 lira.

350 3671 436 3734 prlsrn
453 3669 562 3734 gloriata
581 3671 653 3734 prius
672 3675 773 3734 partem
791 3670 937 3722 discrimini
956 3682 1000 3723 er·
1037 3669 1124 3728 adeo.
1152 3676 1183 3720 ut
1207 3667 1345 3733 Appianas
1370 3667 1463 3722 hitihr.
1483 3667 1529 3721 84.
1562 3667 1687 3730 producat

350 3762 460 3813 ponere.
488 3775 520 3790 -
547 3747 694 3816 ingrersus]
720 3751 841 3814 intelligo
868 3749 925 3802 inea
953 3762 1000 3813 per
1038 3752 1141 3801 moenia
1161 3748 1364 3813 Tigranocertis
1391 3752 1418 3800 tu
1445 3748 1587 3801 altitudine
1605 3750 1638 3799 ad
1655 3748 1685 3798 i..

350 3840 419 3894 puae
438 3831 538 3895 ingredi
564 3832 724 3893 praetoriam
742 3831 844 3884 soleant
869 3836 915 3881 sut
940 3841 999 3893 pos-
1037 3829 1160 3888 euhtioa;
1187 3841 1257 3894 quae
1283 3833 1311 3879 tn
1336 3833 1389 3880 iuro
1413 3830 1537 3892 adaptata
1557 3841 1686 3891 equorum

349 3913 402 3962 rint
426 3909 528 3965 Parthi.
572 3912 639 3964 Nam
671 3912 791 3963 nondum
818 3911 929 3975 ingressi
966 3923 998 3962 eo
1037 3909 1156 3960 subulis.
1176 3909 1251 3962 Lina.
1272 3933 1304 3947 -
1331 3906 1519 3973 Nicephorius]
1552 3908 1687 3961 Orientem

351 3996 479 4052 ternpore.
517 3991 674 4055 intercipere
697 3994 819 4054 exprimit
837 3990 998 4042 Graecorum
1036 4003 1125 4043 sersus
1138 3989 1171 4041 ah
1185 3992 1321 4052 Euphrate
1335 3991 1448 4049 duentar
1468 3989 1549 4040 hodie
1562 3988 1684 4049 Nireus,

349 4067 576 4136 irminfridum,
605 4085 659 4136 quo
685 4071 811 4137 Polybius
836 4072 869 4132 5,
897 4070 942 4122 99.
972 4076 999 4121 11
1035 4069 1114 4122 Sersd
1132 4074 1187 4123 sisa
1206 4070 1300 4122 aretis.
1323 4066 1449 4133 Forhiger
1467 4066 1633 4133 Geograpisie
1652 4067 1686 4117 ii.

349 4152 394 4203 1111
419 4161 498 4213 saepe
524 4150 557 4202 de
586 4155 715 4216 impositis
742 4152 830 4203 itineri
860 4150 997 4213 praesidiis
1039 4163 1065 4212 p.
1084 4149 1147 4201 599.
1168 4176 1199 4188 -
1227 4146 1383 4214 repentinis]
1415 4154 1525 4210 repente
1544 4150 1689 4211 ingruenti·

349 4236 470 4283 utuntur.
490 4230 561 4283 Exn.
583 4257 612 4270 -
643 4234 709 4297 guia
727 4227 818 4297 mena]
837 4234 900 4292 quia
919 4233 997 4282 eitam
1035 4230 1102 4288 hus.
1122 4238 1151 4281 ut
1170 4229 1226 4280 Cir.
1246 4230 1280 4281 de
1300 4231 1368 4293 Nep.
1389 4229 1422 4290 9,
1442 4228 1488 4289 9.,
1517 4229 1563 4279 ubi
1581 4228 1623 4278 his
1642 4242 1688 4292 cp·

349 4311 467 4376 alioquin
504 4323 586 4374 egens
624 4323 754 4376 aquarum
790 4316 864 4370 eret,
908 4313 997 4373 paucis
1036 4317 1172 4372 ponuntur
1189 4310 1276 4361 hostes
1294 4311 1448 4373 suspectari.
1468 4334 1501 4345 -
1524 4310 1570 4358 isa
1587 4334 1599 4345 ·
1618 4336 1629 4348 ·
1646 4322 1689 4359 ue·

349 4392 417 4451 11111,
437 4392 484 4453 qui
503 4389 539 4441 ibi
566 4396 660 4450 erant.
679 4390 796 4443 lontibus
820 4390 925 4443 castella
951 4394 998 4443 irn-
1037 4386 1197 4452 tenderunt]
1233 4389 1348 4443 Notahiii
1375 4396 1513 4454 reogmrte
1546 4400 1612 4450 pro:
1646 4390 1689 4438 ira

350 4474 457 4536 posuit;
495 4483 556 4525 nem
590 4482 695 4534 prorsus
722 4475 792 4523 omni
822 4485 890 4535 apua
918 4474 998 4524 inter·
1034 4472 1120 4536 magis
1150 4471 1336 4526 accenderant.
1368 4483 1448 4536 guam
1477 4474 1546 4520 mem
1570 4468 1690 4531 percule·

349 4552 457 4605 eludere
475 4550 586 4601 Parthos
611 4551 726 4604 sciehat.
762 4552 868 4603 Frustra
892 4564 955 4602 reae
973 4550 997 4599 i.
1035 4549 1219 4600 cantharo.

348 4632 392 4685 Fr.
419 4630 584 4691 Gronovius,
613 4629 743 4693 probante
769 4631 909 4692 brueriis,
938 4643 997 4693 pro·
1070 4630 1097 4680 5.
1117 4625 1307 4692 circumsideri]
1326 4628 1356 4679 ln
1375 4628 1448 4680 itieti.
1466 4630 1527 4681 ieet.
1547 4628 1688 4680 circuisse·

348 4714 507 4775 posuitque
525 4735 537 4747 -
549 4735 561 4747 ·
580 4715 661 4770 esset:
679 4711 706 4761 id
725 4711 797 4775 quod
815 4711 914 4762 addere
932 4709 998 4761 nihil
1035 4709 1094 4759 dere
1112 4710 1304 4774 ingratissimus
1324 4714 1363 4760 est
1381 4709 1478 4773 duplex
1502 4712 1686 4771 accusativus,

349 4794 457 4849 omniuo
480 4791 627 4852 attinebat,
656 4802 829 4854 rumperes
847 4790 996 4850 eonsilium,
1036 4789 1103 4840 adeo
1130 4795 1160 4841 ut
1186 4788 1366 4852 Quintilianus
1384 4789 1419 4848 8,
1437 4789 1473 4848 9,
1493 4789 1536 4841 rc.
1567 4792 1687 4841 sitieram

350 4884 402 4934 auo
423 4872 529 4924 castalia
546 4872 590 4925 illa
609 4874 785 4934 imposuerat.
820 4876 930 4934 pateret.
965 4894 995 4907 -
1036 4877 1062 4921 et
1080 4870 1415 4933 raaiecnmposltemdieet
1432 4866 1547 4940 φράσιν
1563 4871 1684 4921 cieuses

349 4947 463 5013 abdidit]
483 4964 530 5012 pro
548 4952 649 5016 ruigart
668 4952 768 5003 obruit.
1035 4963 1061 5001 se
1079 4950 1210 5001 hominem
1227 4951 1324 5001 tibrum
1342 4950 1494 5001 scribentem
1513 4958 1540 5001 11
1558 4952 1627 5003 hanc
1643 4964 1688 5003 sc·

400 5029 428 5079 4.
458 5029 692 5096 Tigranocertam]
720 5032 773 5093 19,
791 5031 833 5082 59.
872 5027 998 5093 Forhiger
1037 5032 1147 5082 cusatisl
1160 5032 1365 5094 geminationem
1376 5036 1485 5093 propter
1497 5030 1686 5092 rraphthaitara

350 5108 515 5177 ir'sograptria
532 5111 569 5162 ll.
588 5124 617 5177 p.
642 5111 703 5164 diii.
734 5138 765 5151 -
794 5106 996 5176 magnitudine]
1035 5111 1141 5164 damnet
1159 5112 1239 5163 etism
1257 5109 1291 5175 i,
1310 5110 1344 5174 9,
1365 5112 1408 5162 itt.
1428 5109 1511 5163 Porro
1528 5111 1614 5163 multo
1631 5111 1687 5163 eib-
