3582 5882
295 433 355 501 iet
677 431 868 499 CORNELII
888 430 1022 499 raclii
1040 431 1249 500 nuntium

291 594 410 661 luctum
429 592 566 661 ‘emissae
586 593 709 659 sororis
729 599 796 659 tuns
816 592 953 679 pureum
973 593 1057 660 iacto
1079 593 1166 659 enlin
1179 595 1321 661 mutarit.
1366 591 1428 681 (id)
1450 590 1631 662 sdilueliunt

292 706 511 786 centuriones,
543 708 780 793 monebantque
801 714 948 792 prompta
968 704 1014 772 ilii
1035 705 1197 792 legionum
1218 708 1336 772 studia:
1374 714 1533 794 repeteret
1552 728 1628 795 pro·

292 821 427 887 vinciam
449 842 514 887 non
534 822 603 887 iure
625 820 759 886 nulnum
779 825 811 886 at
831 839 974 901 sacuam.
1003 817 1116 904 igitur,
1142 821 1218 907 quiid
1239 822 1415 906 agendum,
1437 821 1627 893 consultanti

292 937 334 1001 Μ.
349 934 422 1001 Piso
443 932 527 1000 filius
548 930 783 1019 properandum
804 931 839 999 in
858 934 971 998 urbem
999 929 1164 999 censebatr
1201 931 1281 1000 nihil
1308 935 1410 1001 adhuc
1437 932 1630 1022 inexpiabile

254 1071 267 1115 s
293 1050 480 1124 admissum,
517 1068 621 1133 neque
642 1045 836 1133 suspiciones
856 1043 1020 1112 inbecillas
1041 1054 1096 1112 ant
1116 1045 1222 1113 inania
1242 1047 1344 1114 ianuae
1365 1047 1627 1135 pertimescenda.

292 1161 480 1227 discordiam
503 1180 578 1246 erga
601 1158 819 1227 Germanicum
840 1159 916 1226 odio
937 1157 1072 1226 innume
1091 1162 1233 1248 dignam,
1253 1182 1321 1226 nou
1334 1180 1454 1248 pesum
1478 1171 1511 1228 et
1523 1160 1632 1229 adem·

290 1274 399 1359 ptione
427 1274 609 1361 provinciae
637 1270 827 1339 satisfactum
856 1271 1003 1343 inimicis.
1040 1272 1154 1360 quodd
1184 1271 1424 1359 regrederetur,
1458 1274 1631 1345 obsistente

292 1388 401 1453 Sentio
423 1385 516 1453 civile
537 1384 656 1452 bellum
677 1384 787 1473 incipi;
809 1406 878 1467 uec
891 1383 1059 1454 duraturos
1080 1390 1112 1452 in
1133 1385 1274 1473 panibus
1289 1391 1487 1455 centuriones
1500 1387 1632 1479 militas·

291 1521 370 1589 qne,
392 1501 477 1586 apud
493 1520 698 1588 quosrecens
711 1496 911 1585 imperatoris
933 1499 982 1567 sui
1004 1499 1156 1569 memoria
1177 1507 1209 1567 et
1228 1501 1354 1586 penitus
1374 1500 1488 1569 iniixus
1502 1505 1536 1569 in
1551 1503 1631 1568 Cne-

252 1636 377 1681 rosares
399 1634 487 1681 umor
507 1613 711 1701 praevaleret
756 1611 818 1699 (77)
840 1621 950 1679 contra
970 1611 1126 1680 Domitius
1149 1613 1258 1691 Celer,
1282 1635 1323 1681 ex
1342 1615 1452 1685 intima
1470 1615 1538 1682 aius
1552 1616 1630 1683 arui-

291 1728 380 1804 citia,
404 1724 571 1805 disseruit,
596 1731 747 1795 utendum
770 1734 901 1793 eventu:
929 1724 1092 1802 Pisonem,
1114 1726 1342 1794 uenientium
1365 1728 1476 1795 Suriae
1498 1748 1632 1817 praepo*

290 1844 400 1921 situnu
433 1843 507 1909 huin
527 1843 628 1908 insees
649 1848 681 1908 et
701 1842 751 1907 ius
771 1840 943 1928 praetoris,
976 1838 1050 1907 hiric
1070 1837 1213 1923 legiones
1234 1843 1335 1907 datas.
1370 1843 1398 1907 si
1419 1840 1497 1928 qiud
1516 1841 1632 1909 lsostiie

290 1957 436 2040 ingruet,
474 1975 569 2043 pena
598 1954 711 2021 iustius
743 1974 830 2020 arma
863 1953 1106 2040 oppositurum?
1142 1955 1198 2040 qui
1227 1954 1323 2038 legati
1354 1954 1570 2022 auetorimem
1600 1963 1633 2022 et

290 2068 421 2154 propria
450 2066 597 2135 mandata
623 2068 791 2156 acceperit.
827 2062 1069 2154 relinquendum
1100 2069 1195 2133 atiani
1219 2064 1400 2134 rumoribus
1421 2076 1546 2154 tempus
1567 2089 1632 2157 quo

252 2190 469 2252 resanescant:
504 2180 690 2270 plerumque
718 2181 903 2247 inuocantes
932 2177 1052 2246 recenti
1073 2179 1210 2247 invidiae
1227 2182 1379 2268 impares.
1423 2189 1455 2247 at
1478 2180 1506 2248 ei
1526 2188 1633 2249 teneat

292 2296 481 2372 exercitum,
504 2301 618 2382 augeat
637 2293 740 2371 sires,
763 2292 879 2370 multa,
902 2313 984 2381 quae
1005 2293 1168 2380 provideri
1189 2314 1253 2360 non
1274 2294 1416 2380 possint,
1446 2292 1586 2361 fortuito·
1599 2294 1632 2361 in

290 2409 402 2477 melius
424 2429 543 2478 casura.
578 2429 636 2475 ean
655 2405 840 2475 festinamus
861 2428 934 2473 cum
957 2408 1133 2475 Germanici
1154 2405 1314 2475 cineribus
1335 2406 1511 2495 adpellere,
1544 2414 1580 2474 ni
1600 2416 1632 2476 ta

290 2521 465 2588 inauditum
487 2530 520 2587 et
541 2520 738 2588 indefensum
759 2520 902 2608 planctus
923 2519 1115 2607 Agrippinae
1137 2542 1174 2586 ao
1195 2523 1308 2607 vulgus
1329 2520 1512 2606 imperitam
1526 2522 1630 2607 primo

290 2656 418 2703 rumore
439 2637 584 2724 rapienti
606 2632 730 2702 esttibi
752 2636 911 2721 Augustae
933 2635 1139 2711 conscientia,
1163 2641 1211 2700 est
1232 2634 1373 2701 Caesaris
1395 2632 1499 2711 lavor,
1521 2636 1578 2701 sed
1599 2636 1632 2699 in

253 2774 282 2818 ss
291 2749 431 2829 occulto;
454 2758 487 2815 et
508 2748 629 2838 perisse
653 2748 874 2815 Germanicum
888 2749 966 2813 nulli
981 2746 1146 2813 iactantius
1161 2757 1304 2815 maerent
1317 2768 1411 2836 quam
1426 2750 1481 2833 qni
1495 2749 1632 2813 maxime

289 2863 479 2931 laetantur.»
517 2862 579 2947 (78)
601 2865 684 2928 haud
707 2881 821 2946 magna
842 2860 926 2927 mole
948 2860 1039 2938 Piso,
1063 2868 1228 2946 promptus
1250 2863 1428 2939 ferocibus,
1452 2860 1486 2927 in
1508 2868 1632 2928 senten·

343 3094 370 3144 1.
389 3090 455 3160 edil.
475 3092 520 3143 lis
541 3091 600 3159 opii.
620 3090 650 3142 ii.
671 3115 706 3129 -·-
724 3088 750 3139 3.
770 3086 834 3155 nors]
853 3103 903 3141 eon
920 3090 960 3141 Μ.
975 3116 1005 3128 -
1024 3088 1052 3139 t.
1065 3090 1103 3141 Μ.
1117 3089 1163 3159 lig
1183 3088 1337 3142 Mercurii.
1353 3116 1381 3128 -
1396 3092 1423 3142 ii.
1436 3091 1493 3143 tud.
1508 3092 1550 3143 ii:
1569 3091 1629 3144 imi.

290 3165 322 3216 it.
343 3190 373 3202 ·-
393 3165 419 3215 ti.
440 3167 505 3227 aput
521 3163 559 3214 Μ.
579 3187 609 3199 -
632 3160 676 3212 te.
696 3174 771 3226 quem
789 3161 836 3212 iit:
865 3175 945 3226 guum
961 3172 1020 3212 curn
1040 3160 1156 3214 Ptoheua
1175 3173 1206 3213 ac
1223 3161 1356 3224 plerisque
1376 3162 1443 3217 lldd.
1464 3161 1527 3214 huie
1547 3169 1632 3227 poste·

291 3235 405 3287 rioribus
425 3233 455 3283 B.
477 3234 563 3297 *quem
589 3235 727 3284 restituere
747 3231 869 3283 Waitirer
887 3237 913 3281 ei
930 3231 1107 3291 Doederlein:
1132 3233 1218 3285 Ritter
1236 3239 1295 3295 post
1319 3246 1344 3284 r.
1364 3234 1547 3297 oppositurum
1565 3234 1632 3286 erci-

291 3306 360 3358 disse
379 3306 521 3356 arbitratur
540 3315 585 3360 eor
613 3302 714 3353 lucilius
732 3316 794 3354 rero
814 3301 934 3353 excidere
953 3303 979 3353 iri
1000 3308 1101 3364 peterat
1119 3310 1180 3353 aute
1199 3316 1223 3352 r.
1245 3304 1426 3367 oppositurum
1444 3306 1513 3355 iuter
1532 3304 1631 3356 litteras

291 3390 309 3427 o
319 3389 345 3426 ο.
357 3400 388 3413 -
399 3375 441 3426 ii.
452 3387 518 3426 arou
527 3376 564 3439 (tn
577 3374 630 3426 ilus
641 3372 881 3435 renunciandum
889 3371 928 3424 Μ.
941 3395 967 3408 -
981 3373 1024 3424 tu.
1032 3375 1096 3438 adp.
1107 3373 1151 3425 lis
1168 3386 1231 3437 opp.
1243 3373 1273 3426 it.
1287 3399 1317 3411 -
1329 3373 1371 3426 18.
1378 3376 1528 3437 nnmerum
1538 3387 1585 3426 ose
1591 3374 1629 3427 Μ.

290 3599 375 3651 enus
400 3588 455 3650 ipre
474 3587 603 3651 gsudtmn
626 3584 770 3638 modernus
796 3586 944 3650 significant
981 3584 1037 3636 tet.
1085 3585 1156 3637 liris
1175 3584 1288 3638 Baculus
1312 3584 1472 3637 consuesti
1492 3597 1507 3637 a
1525 3600 1551 3640 s.
1569 3596 1632 3651 pro-

291 3682 352 3721 euns
381 3671 461 3719 ettam
489 3675 580 3729 postea
608 3665 702 3719 eodem
721 3668 749 3716 in
769 3666 865 3728 gaudio
884 3680 943 3732 par·
980 3666 1129 3730 parendum
1147 3666 1264 3729 pendere
1283 3668 1406 3728 opinatus
1425 3671 1475 3717 est.

290 3752 408 3806 stitisse:
439 3760 528 3810 renue
546 3760 609 3799 sero
627 3753 668 3798 esi
685 3744 885 3814 soosotoyior,
913 3752 943 3798 nt
1014 3745 1060 3796 77.
1087 3743 1161 3810 tute]
1188 3745 1222 3796 ati
1252 3746 1378 3798 remotius
1405 3744 1509 3798 Pisonis
1530 3757 1631 3801 ‚nomeu

290 3830 432 3881 ridebatur
457 3828 589 3881 ilruestie.
621 3850 653 3867 ν·
684 3825 821 3877 luctum·
838 3850 850 3862 ·
873 3826 943 3877 tosto
982 3825 1149 3878 raiarendunr
1174 3838 1252 3886 esse,
1279 3823 1354 3877 laciie
1382 3832 1475 3888 petat:
1507 3824 1534 3876 id
1561 3824 1631 3891 quod

289 3905 375 3971 cuitu]
393 3908 433 3959 iia
451 3907 524 3959 luctu
544 3906 701 3958 laminarum
723 3904 943 3968 apudliesnanos
981 3907 1011 3956 ut
1036 3906 1186 3960 interdum.
1211 3904 1257 3955 uisi
1284 3905 1354 3957 nulls
1382 3904 1444 3956 inde
1462 3907 1527 3957 ostri
1548 3908 1634 3968 potest

290 3991 398 4041 consule
419 3989 500 4049 Lipsii
523 3988 668 4041 itroursnsn
687 3985 725 4037 Μ.
756 3986 859 4047 delier
879 3984 943 4037 Goi-
981 3987 1148 4049 ambiguitas.
1171 4010 1200 4023 -
1232 3980 1289 4048 put]
1308 3999 1333 4037 r.
1352 3996 1383 4036 eo
1401 3985 1442 4038 rei
1460 3998 1541 4049 suess
1560 3984 1633 4048 (ante

291 4072 332 4121 lus
351 4069 386 4118 il.
410 4082 436 4130 p.
455 4068 535 4127 289..
570 4070 616 4131 oni
636 4067 733 4118 docent
750 4074 848 4117 restesn
868 4068 944 4131 ingu·
981 4066 1036 4129 qui)
1054 4065 1183 4118 excidisse
1201 4077 1265 4115 sane
1283 4063 1446 4127 probabilius
1466 4072 1524 4125 est,
1553 4079 1632 4129 ouans

292 4151 365 4201 brem
393 4151 483 4210 prioris
515 4148 624 4209 quidem
657 4144 820 4207 temporibus
849 4147 944 4208 patiare
981 4150 1001 4196 si
1021 4152 1166 4199 statamus
1186 4154 1239 4196 tans
1263 4145 1358 4195 durans
1384 4152 1465 4210 atque
1500 4146 1633 4197 insciliam

291 4237 418 4286 stratam,
438 4232 537 4291 nigrun
556 4227 655 4283 luisse.
682 4234 772 4277 contra
792 4225 842 4277 suls
861 4229 944 4289 isupe-
981 4228 1084 4287 eiitpsiu
1103 4229 1153 4288 ipsi
1173 4226 1265 4277 Tacito
1290 4224 1430 4288 placuisse·
1451 4225 1556 4278 interes
1576 4227 1632 4278 iiu-

291 4309 423 4363 rstoriirus
453 4305 558 4367 atinus,
598 4312 630 4355 ut
659 4310 769 4357 testetur
807 4304 942 4357 Plutarch.
981 4311 1095 4370 partiunt
1133 4314 1239 4357 secutus
1276 4307 1375 4356 mutari
1421 4305 1629 4358 distinctionem.

291 4389 402 4453 Quaest.
428 4386 568 4439 lictu-dd.
606 4385 706 4448 Quodsi
734 4386 777 4436 hic
796 4398 852 4435 snos
872 4394 942 4440 reste
982 4386 1064 4449 Vulgo
1092 4386 1193 4438 edunt:
1222 4386 1409 4448 oppositurum
1432 4386 1508 4447 qst·
1526 4410 1538 4423 -
1564 4398 1635 4436 oece-

273 4472 349 4520 utba
370 4467 476 4531 lugendi
498 4470 548 4518 taur
568 4473 631 4517 tuuc
649 4464 684 4528 (a.
699 4463 774 4527 tra.)
793 4465 941 4526 obtineant,
977 4468 1068 4530 periti
1086 4466 1208 4517 walther
1226 4464 1329 4516 scilicet
1345 4467 1503 4527 cogitatione
1516 4465 1633 4528 suppleri

291 4564 339 4614 pro
366 4548 417 4599 itac
441 4547 550 4601 Paulina
578 4550 692 4609 sumpsit
723 4545 940 4609 amethystinarn,
980 4551 1073 4597 iussit:
1105 4560 1179 4611 quem
1202 4544 1413 4595 turtiusl’isone
1432 4558 1510 4595 ormo
1529 4546 1634 4609 opposi-

292 4629 504 4694 iryseintlrinsns,
525 4627 671 4691 galdinum,
686 4639 752 4689 quos
765 4627 866 4677 colores
880 4633 942 4679 tuno
979 4633 1083 4689 turum,
1102 4629 1149 4691 qui
1161 4632 1213 4678 aei.
1250 4626 1441 4678 Picirenlsnuns
1460 4632 1549 4677 autern
1568 4626 1633 4677 illusi

210 4710 216 4725 ¹
292 4712 387 4762 divites
407 4707 715 4761 iesninaeaectsisantur.
746 4706 940 4759 Praetereunt·
979 4706 1439 4772 onomiusttusaiiscirtoreeepturn
1450 4706 1632 4765 mihinntdern

291 4799 368 4845 natus
404 4793 480 4848 auri,
524 4800 703 4852 gemmarum,
742 4790 941 4851 margaritarum
979 4787 1217 4839 inertiussidetur·
1236 4810 1267 4822 -
1284 4781 1408 4849 proprio]
1428 4783 1520 4836 Pisoni
1539 4787 1588 4836 soli
1607 4791 1634 4835 st

291 4872 460 4935 agntucrtnr.
980 4869 1086 4931 quidem
1100 4872 1202 4918 secreto
1216 4864 1275 4916 data
1296 4866 1328 4915 sb
1350 4868 1408 4929 ipso
1426 4864 1551 4923 'liberior
1569 4864 1633 4928 (spa-

980 4948 1062 4998 cisitu
1090 4950 1208 4998 nominat
1235 4944 1368 5008 oberlin.)
1399 4945 1573 5009 rmtntats.
1601 4964 1632 4981 -·

325 5030 369 5082 id.
401 5029 563 5082 samusart
578 5051 591 5062 ·
607 5050 618 5064 ·
636 5023 770 5091 custeint]
796 5028 942 5100 βραχυλο·
978 5024 1101 5092 restant]
1129 5026 1216 5077 iloiirn
1243 5028 1350 5088 proprie
1374 5026 1497 5087 accipere
1521 5025 1631 5087 reptent

291 5114 343 5185 ptos
361 5123 407 5174 pro
425 5110 587 5165 consultanti
604 5108 667 5161 tuso
685 5120 789 5163 uuam
805 5110 942 5173 responsu
979 5107 1198 5172 adscripticium,
1216 5105 1283 5158 sed:
1301 5105 1425 5166 «iaciant,
1439 5105 1632 5159 uriesttnsster
