3642 5882
589 466 706 532 amsa
726 460 811 531 xor.
854 462 929 549 cap.
953 460 1006 527 aa.
1031 458 1156 527 ιιιι.
1466 455 1527 527 ιιι

201 623 509 713 ιιιιιιςιιάιιοιιιιιι,
532 622 591 693 sub
612 625 708 693 ictum
722 622 889 693 dabantur:
914 623 1025 706 procul
1041 630 1073 689 et
1085 620 1248 687 latioribus
1264 616 1352 685 vadia
1367 616 1528 687 transiere

203 741 262 823 llll)
286 748 319 806 at
339 737 496 807 Tiridates
515 737 636 824 pudure
659 747 692 803 et
712 747 813 814 metu,
836 759 877 819 pe
893 740 919 804 si
941 737 1148 803 concessisset
1169 733 1345 809 obsidioni,
1368 730 1445 797 nibil
1459 730 1530 815 opis

200 853 327 940 inipso
348 855 526 929 videretur,
549 851 577 918 ei
598 849 796 935 prohiberet,
818 848 965 936 inpeditis
986 850 1064 916 locis
1086 868 1182 935 seque
1197 854 1231 912 et
1244 853 1405 932 equestres
1421 845 1531 929 copias

201 966 359 1051 illigaret,
382 967 490 1033 statuit
503 973 663 1051 posuemo
677 967 842 1032 ostendere
864 966 963 1030 aciem
984 972 1015 1030 et
1035 962 1108 1032 dato
1131 960 1182 1028 die
1205 959 1358 1045 praelium
1380 957 1530 1044 incipere,

202 1078 254 1145 sal
274 1078 470 1147 simulatione
492 1076 583 1163 fugae
605 1077 709 1143 locum
731 1077 835 1146 fraudi
855 1099 977 1165 parare.
1014 1079 1112 1161 igitur
1132 1083 1263 1159 repente
1285 1093 1399 1158 agmen
1419 1074 1555 1138 Roma-s

203 1214 280 1261 num
302 1190 538 1267 circumfundit,
572 1212 637 1257 non
658 1194 769 1276 ignaro
792 1191 871 1258 duca
893 1199 1019 1268 neruo,
1053 1191 1108 1276 qui
1128 1188 1201 1279 pipp
1220 1189 1339 1272 pariter
1359 1194 1392 1252 et
1410 1204 1533 1275 pugnae

203 1313 425 1389 composuerat
445 1304 631 1371 exercitum,
661 1304 758 1371 latere
780 1302 891 1371 denuo
913 1307 1008 1370 tertia
1029 1302 1128 1388 legio,
1152 1300 1277 1368 sinistro
1299 1308 1387 1367 sexta
1408 1297 1533 1366 incede·

204 1420 277 1495 bat,
300 1416 412 1485 mediis
432 1417 668 1487 decimanorum
690 1417 833 1496 delectis;
855 1426 984 1502 recepta
1005 1417 1087 1482 inter
1099 1417 1226 1482 ordines
1239 1412 1481 1501 impedimenta,
1503 1421 1535 1478 et

205 1539 328 1615 tergum
350 1530 435 1598 mdia
456 1532 579 1617 equites
601 1528 785 1607 tuebantur,
808 1530 924 1618 quibus
938 1529 1089 1607 iusserat,
1113 1538 1148 1596 ut
1159 1529 1346 1595 instantibus
1359 1525 1534 1593 comminus

204 1643 400 1720 ιοιίιιιιιιιι,
434 1641 562 1729 reluqm
589 1665 654 1709 non
685 1632 904 1731 sequerentur.
930 1630 983 1710 'iu'
1004 1638 1154 1711 cornibus
1181 1643 1278 1730 pedes
1305 1639 1482 1726 sagittarius
1503 1645 1571 1704 etto

205 1765 313 1823 cetera
333 1777 442 1823 manus
464 1756 605 1845 equitum
626 1754 709 1833 ibat,
732 1755 917 1844 productior
937 1776 1036 1823 cornu
1056 1759 1089 1823 iu
1102 1756 1230 1823 sinistro
1243 1775 1301 1841 per
1315 1756 1379 1820 ima
1393 1753 1532 1829 collium,

204 1878 242 1941 ut
264 1871 290 1935 si
311 1869 409 1939 boetis
437 1872 634 1948 intravisset,
667 1871 774 1936 bonta
801 1870 945 1937 simulet
966 1871 1037 1936 sinu
1065 1869 1278 1956 exciperetur.
1315 1865 1472 1935 adsultare
1494 1887 1536 1933 ex

205 1980 331 2051 diverm
354 1984 525 2058 Tiridates,
545 2003 612 2050 nou
632 2004 731 2070 usque
752 1985 794 2049 ad
809 1987 906 2051 ictum
929 1982 997 2059 teli,
1017 1981 1073 2051 aed
1096 1990 1163 2049 tum
1177 1981 1322 2049 minitans
1343 1989 1409 2047 tum
1430 1981 1535 2067 speeie

206 2094 409 2179 trepidantis,
432 2095 460 2163 ai
481 2095 588 2167 laxare
603 2094 730 2163 ordines
746 2105 777 2162 et
791 2098 933 2164 diversos
948 2099 1122 2163 comanus
1136 2104 1254 2184 posset.
1277 2092 1333 2163 ubi
1346 2093 1424 2162 nibil
1439 2103 1535 2161 teme-

205 2207 478 2283 ritatesolutum,
501 2228 562 2274 uec
582 2208 715 2297 amplius
737 2230 830 2294 φιιιιι
853 2209 982 2276 decurio
1004 2208 1145 2295 equitum
1166 2207 1331 2274 audentius
1353 2227 1536 2295 progressus
1545 2223 1573 2268 ιι

207 2329 239 2389 et
259 2322 378 2405 sagittis
398 2318 541 2388 confixus
562 2330 685 2388 ceteros
705 2325 746 2388 ad
767 2323 955 2410 obsequium
976 2321 1120 2409 exemplo
1134 2319 1332 2399 firmaverat,
1355 2319 1536 2409 propinquis

206 2435 269 2498 iam
288 2434 426 2500 tenebris
441 2436 601 2501 abscessit.
627 2433 690 2519 (tt)
703 2446 735 2502 et
748 2436 886 2502 Corbulo
900 2445 1000 2502 castra
1014 2438 1048 2501 in
1061 2435 1132 2502 loco
1150 2444 1298 2511 meatus,
1321 2454 1360 2499 au
1376 2436 1531 2522 expeditis

208 2545 386 2630 legionibus
407 2556 499 2613 nocte
520 2551 671 2615 Artaxata
692 2557 839 2635 pergeret
859 2548 1045 2636 obsidioque
1066 2545 1274 2615 circumdaret
1294 2549 1437 2632 agitarit,
1464 2538 1543 2614 con-l

208 2659 339 2725 cessisse
360 2658 434 2725 illuc
454 2658 613 2726 Tiridaten
634 2670 731 2727 ratus.
755 2659 828 2727 dein
843 2670 1009 2748 postquam
1024 2656 1239 2748 exploratores
1260 2662 1393 2726 attulere
1415 2658 1539 2746 lougin-

207 2793 304 2859 quum
325 2773 410 2857 regis
431 2774 493 2837 iter
506 2783 538 2838 et
550 2772 635 2839 bledi
649 2794 690 2838 an
705 2773 816 2840 Albani
834 2782 1018 2858 peterentur
1038 2773 1207 2849 incertum,
1230 2775 1332 2839 lucem
1355 2778 1536 2860 opperitur3
1548 2798 1576 2840 se

207 2883 442 2972 praemissaque
456 2884 534 2951 levis
548 2895 723 2964 armatura,
746 2906 828 2973 quae
843 2907 952 2953 muros
966 2886 1093 2953 interim
1113 2884 1246 2953 ambiret
1260 2886 1539 2975 oppugnationem·

208 3019 270 3085 que
299 3002 421 3064 eminus
450 2998 612 3083 inciperet.
652 2999 706 3066 sed
735 2999 884 3089 oppidani
913 3001 1012 3088 portis
1040 3010 1151 3089 sponte
1175 3000 1342 3086 patefactis
1363 3021 1398 3067 se
1420 3020 1538 3085 suaque

277 3153 304 3203 2.
322 3153 403 3203 atcttl
420 3155 458 3208 Μ.
488 3178 519 3191 -
547 3154 574 3205 lt.
592 3155 650 3217 lap.
669 3153 714 3206 bl:
733 3156 797 3220 terp.
817 3155 848 3206 B·
876 3178 911 3191 -
928 3155 955 3207 8.
975 3154 1062 3208 Habet
1079 3156 1184 3207 delams
1201 3154 1240 3207 lt.
1261 3181 1291 3194 -
1310 3155 1354 3206 11.
1371 3154 1542 3220 protanam

206 3223 594 3276 tl.1tnenoetnntnsnetr.
615 3225 687 3276 llari.
707 3225 784 3277 Itedt.
804 3225 873 3277 bod.
893 3234 920 3279 et
937 3239 952 3277 a
972 3227 1108 3278 Rbanauo.
1142 3251 1171 3264 -
1192 3240 1289 3277 eornss
1306 3225 1345 3277 bl.
1364 3225 1540 3279 Emendatum

208 3296 236 3345 ln
254 3294 349 3345 ltadeoa
368 3294 451 3345 codd·
473 3296 651 3357 (producatore
677 3309 805 3347 cernuum
829 3298 937 3347 sinistro
955 3296 1046 3361 Ltpste
1065 3303 1170 3350 austere
1188 3296 1330 3359 Waltber.)
1359 3321 1389 3334 -
1418 3296 1460 3345 11.
1481 3297 1539 3347 ada.

207 3363 255 3415 bl:
275 3377 327 3414 nea.
347 3363 378 3419 lt.
406 3390 434 3419 -,-
465 3364 509 3416 13.
527 3378 608 3428 sequa
625 3365 663 3416 ed
680 3367 759 3418 letum
777 3368 823 3416 tell
840 3366 978 3418 Batterus:
1005 3380 1087 3431 usque
1111 3368 1246 3418 addietum
1263 3369 1319 3418 tetis
1335 3366 1379 3427 Μ,
1406 3365 1542 3431 usquead

207 3435 307 3484 loetum
323 3436 369 3486 talt
387 3448 446 3486 eum
465 3442 527 3486 cett.
548 3436 576 3485 s.
604 3436 645 3488 Tu
663 3435 709 3488 clr.
730 3436 760 3489 C.
780 3437 822 3487 aa.
842 3445 906 3491 ertr.
927 3445 953 3488 et
970 3437 1079 3489 Turseli.
1099 3441 1125 3488 ln
1143 3436 1250 3488 torus.
1277 3463 1302 3475 -
1322 3436 1365 3489 ll.
1385 3435 1490 3487 diuerso
1502 3436 1540 3487 Μ.

210 3527 241 3542 -
259 3504 341 3555 necte
357 3505 396 3557 Μ.
426 3531 455 3544 -
478 3505 522 3556 18.
543 3505 630 3557 tiabat
647 3508 796 3572 studioque
813 3506 860 3569 Μ,
881 3521 933 3560 uon
951 3507 1135 3575 obsidioneque
1152 3509 1300 3560 Puteolant.
1326 3535 1351 3548 -
1372 3507 1416 3558 21.
1436 3506 1485 3560 leot
1502 3506 1540 3561 Μ.

210 3573 363 3626 Cerreetuau
381 3584 408 3628 tn
434 3575 521 3630 Gnell.
542 3584 568 3628 et
587 3589 602 3627 a
619 3577 774 3630 Puteolano.

210 3701 458 3759 adebenaaeeanau,
477 3704 550 3768 quod
564 3704 857 3769 aauaesttreqnenttoa
895 3708 990 3758 nortus
1008 3711 1116 3770 propter
1134 3703 1216 3757 Grettl
1245 3706 1424 3768 suapteloaern
1448 3706 1541 3758 eaedlla

209 3795 234 3835 r·
253 3781 330 3834 Caes.
350 3782 381 3831 B.
401 3781 434 3833 G.
456 3784 491 3845 5,
518 3783 570 3835 ³2:
598 3786 701 3848 patmos
721 3785 857 3848 probibere
894 3781 978 3849 (tecla)
997 3787 1201 3837 &cumeorum
1212 3785 1356 3837 deleret-
1372 3782 1540 3851 prodsctlor]

209 3874 327 3913 namma.
345 3860 401 3913 lle.
413 3862 464 3922 36,
485 3862 528 3914 tt.
546 3885 574 3898 -
586 3864 739 3926 arramato]
759 3863 813 3931 τήν
824 3862 856 3915 dv
895 3867 931 3916 tte
948 3872 978 3917 nt
995 3878 1088 3917 manna
1102 3868 1222 3926 equttuoa
1240 3864 1414 3927 peditumque
1433 3871 1460 3917 tu
1478 3868 1541 3917 stul·

208 3935 361 4011 Ἀρμενίοις
373 3939 551 4014 Καρχηδόνα
563 3950 638 3997 secat
649 3943 773 3995 Lucullus
786 3942 855 4005 apud
893 3952 948 3997 stro
971 3957 1052 3996 cornu
1071 3948 1152 4009 magle
1170 3957 1227 3995 sesa
1245 3945 1399 3997 estenderet
1416 3960 1495 4011 quam
1513 3950 1540 3998 tn

210 4019 279 4071 Plut.
308 4023 335 4071 ln
362 4024 417 4072 elua
444 4025 496 4076 etta
515 4021 578 4081 32„
611 4026 674 4087 quta
700 4023 855 4076 flanalbalts
894 4023 1079 4085 destrorwel,
1098 4030 1128 4075 ut
1145 4024 1256 4087 erplteat
1273 4023 1406 4077 Baebtusa
1429 4028 1541 4079 «netues

209 4112 290 4152 suasu
317 4103 423 4154 condlta
447 4109 504 4154 erat
521 4100 554 4154 ab
573 4104 679 4155 Astarte
698 4118 768 4170 reqe.
801 4102 854 4154 elr.
895 4108 921 4155 tn
940 4105 1065 4156 corntbus
1083 4108 1118 4157 lta
1138 4112 1212 4156 arant
1229 4107 1366 4168 lustrarat,
1396 4114 1425 4157 ut
1443 4107 1540 4169 produ·

210 4180 303 4235 Strabo
330 4182 445 4244 1¹,1t.
480 4183 606 4250 Torblqer
626 4182 793 4249 Geeprepbia
818 4183 855 4233 11.
896 4188 991 4236 etlorea
1007 4186 1156 4249 stramaqls
1174 4188 1272 4236 ertentl
1291 4187 1318 4235 lu
1336 4189 1442 4237 stutstro
1459 4200 1542 4239 sorau

211 4275 238 4326 p.
250 4260 312 4313 60³.
332 4262 398 4314 the
410 4274 490 4326 supra
508 4263 535 4325 a,
547 4264 593 4315 etl.
612 4263 856 4325 s‚tt.12,eo.-
894 4273 983 4318 essent
998 4264 1032 4316 ad
1051 4263 1152 4316 redteea
1171 4263 1305 4315 cotltura.»
1337 4265 1372 4316 st
1395 4271 1542 4321 necessaria

209 4339 336 4407 drasam]
352 4342 433 4394 bodta
451 4344 531 4395 Aras·
549 4344 674 4410 Torbtqer
691 4344 727 4396 Μ.
747 4357 773 4407 p.
793 4342 854 4395 598·
894 4345 999 4397 ridetur
1017 4345 1168 4396 emendatle
1184 4343 1323 4405 multoque
1337 4346 1431 4399 matter
1442 4348 1542 4409 ttpsla·

243 4421 289 4473 tt).
314 4424 338 4473 ai
355 4424 519 4475 ιοιιιιιιιιιιι
536 4422 678 4490 obatdtonll
704 4426 726 4477 sl
744 4424 856 4477 obserata
894 4437 927 4475 na
943 4423 1114 4486 prodaettore
1130 4434 1258 4475 cerasum
1272 4427 1388 4476 statmo.
1409 4450 1440 4463 -
1469 4421 1541 4489 eles]

211 4514 289 4564 opem
307 4515 360 4553 noa
380 4502 493 4555 luberet.
512 4502 581 4556 Era·
602 4528 637 4539 -
656 4506 721 4555 doto
738 4500 791 4568 dte]
811 4517 858 4565 op·
895 4504 1039 4563 leterlbus,
1057 4503 1205 4564 ιιιιιοᾶιιι,
1225 4502 1257 4553 de
1268 4503 1348 4569 pone.
1363 4528 1394 4542 -
1414 4505 1542 4556 waltoar-

211 4589 343 4646 portuno,
362 4589 391 4634 ut
408 4582 445 4645 l,
463 4583 518 4634 eoa
548 4583 611 4634 dato
630 4587 754 4646 tempora.
785 4583 857 4647 (Nelt
894 4580 934 4647 sol
954 4587 1105 4647 ereptores
1120 4581 1383 4648 erqo,aTreata.-
1399 4577 1540 4645 umere]

212 4664 413 4726 erpltrarecum
423 4662 530 4727 blpster
550 4672 617 4721 orte.
633 4663 857 4726 prtmodledato,
895 4671 1070 4726 experturus,
1100 4665 1122 4713 at
1141 4660 1193 4727 (ob)
1212 4662 1345 4722 efficeret,
1380 4669 1410 4713 ut
1429 4661 1543 4713 Remeat

211 4754 272 4794 eum
293 4743 437 4804 tlturtaset,
457 4756 537 4808 qnam
549 4747 657 4799 serulus
670 4750 710 4795 est
721 4743 855 4795 Barnoutr
896 4743 1003 4795 ordtnes
1021 4744 1137 4795 laxarent
1154 4754 1185 4794 ac
1203 4742 1298 4794 delude
1324 4745 1380 4806 lpse
1404 4742 1542 4794 dtstraetos

204 4837 247 4875 ,ea
260 4825 338 4886 potat
356 4822 492 4888 sajone.)
520 4847 550 4862 -
575 4820 646 4888 mne]
674 4825 772 4875 lunari.
803 4822 857 4876 Ctr.
897 4825 1018 4887 persequl
1048 4830 1074 4875 et
1099 4835 1193 4887 urgere
1219 4828 1317 4883 posset.
1349 4822 1419 4873 bas.
1447 4846 1476 4859 -
1506 4823 1543 4875 ed

211 4903 248 4963 1,
273 4903 327 4955 lla
359 4903 515 4968 memetque
536 4902 626 4955 lttsaet
652 4906 677 4953 et
693 4902 805 4965 ριοιιιο.
825 4926 857 4940 -
896 4897 1061 4969 obsequiosa]
1086 4901 1214 4954 mandatu
1232 4899 1391 4953 corbulonts
1409 4908 1542 4964 praestan·

205 4979 317 5047 ιιιιιιιι]
342 4994 420 5035 «eum
438 4982 519 5036 medtl
537 4989 626 5036 essent
643 4995 674 5035 es
693 4980 804 5033 decuma
821 4981 859 5035 le·
897 4983 970 5034 dum.
989 4983 1126 5034 Roaaarr.

211 5065 289 5128 pone
310 5063 426 5124 deleette
455 5075 518 5115 cnm
536 5064 637 5118 madtea
659 5061 787 5114 baberent
814 5062 859 5115 de·
930 5061 975 5113 tt.
1003 5056 1164 5124 madmena]
1193 5058 1328 5111 obatdtm
1344 5063 1450 5124 saeptus
1468 5060 1543 5116 Tast-

213 5156 388 5199 eumaaerum
408 5144 552 5199 detestas.»
580 5144 689 5200 Monuit
701 5141 723 5193 1.
736 5141 781 5193 Tr.
795 5140 859 5195 Gro·
898 5149 940 5195 tna
958 5152 1038 5207 quam
1056 5140 1166 5194 οιιιιιιο.
1191 5138 1262 5193 bar.
1300 5139 1359 5195 llos
1381 5142 1542 5197 subrutum
