3620 5880
303 502 366 566 330
685 504 873 573 CORNELII
893 503 1029 571 niem
1048 504 1254 572 lunatione

305 660 409 746 spicea
431 679 549 728 corone
571 659 744 737 evinctum,
761 662 855 749 spicis
877 669 962 731 retro
983 667 1158 742 convenis,
1175 684 1276 752 eaque
1297 636 1431 751 imagine
1438 664 1641 755 AEQU-

303 793 447 841 annonae
474 772 616 840 dixisset.
665 774 793 860 quidam
820 779 1020 864 pampineum
1054 798 1202 845 coronam
1235 777 1411 844 albentibus
1431 776 1515 844 loliis
1536 781 1632 844 visam

302 846 453 868 fi———n-O'

302 894 396 972 utque
424 887 466 954 ita
494 886 734 975 inlerprelatnm
763 889 938 965 uadidere,
968 900 1115 976 vergente
1141 902 1308 957 auctumno
1330 900 1466 956 mortem
1486 889 1632 977 principis

303 999 439 1068 ostendi.
476 999 552 1067 iliud
573 999 857 1151 Q,
879 1003 1099 1091 qualicumque
1120 1005 1278 1070 insomnio
1305 1002 1364 1091 ipsi
1392 1001 1543 1090 fratrique
1563 1022 1633 1088 pere

277 1113 416 1180 inicium
446 1116 583 1180 sllstum.
619 1114 799 1181 sestertium
819 1116 1001 1202 quindecies
1024 1125 1055 1183 ct
1073 1116 1402 1203 insigniam
1417 1117 1559 1204 Crispino
1579 1120 1633 1183 de-

447 1195 580 1215 *ι’*

302 1234 400 1292 creto.
435 1229 554 1314 ggii-epit
568 1226 710 1295 Vitellius
732 1229 1029 1312 suicmmuncies
1052 1229 1191 1305 Sosibio,
1208 1232 1294 1315 qnod
1314 1229 1526 1296 Britannicum
1546 1248 1634 1316 prae·

300 1340 414 1425 ceptis,
451 1339 614 1406 Claudium
643 1340 780 1407 consiliis
807 1344 939 1408 iuvaret.
984 1350 1114 1427 rogetus
1134 1345 1319 1408 sententiam
1342 1352 1374 1407 et
1394 1341 1514 1429 Scipio,
1538 1365 1632 1409 «cnm

299 1450 409 1517 idem»
440 1450 543 1541 iuquit
574 1457 639 1519 ude
670 1456 813 1521 admissis
832 1456 999 1542 Poppaeae
1030 1456 1160 1521 seudum
1183 1454 1268 1543 quod
1296 1473 1425 1533 omnes,
1455 1462 1562 1542 putate
1582 1476 1632 1520 ma

299 1564 384 1631 idem
399 1565 522 1642 dicere,
546 1570 631 1653 quod
646 1587 791 1642 omnes.»
816 1568 951 1653 eleganti
970 1576 1219 1656 temperamento
1233 1570 1316 1634 inter
1330 1569 1525 1655 coniugalem
1548 1588 1634 1635 amo·

260 1692 367 1746 ¹⁰rem
389 1686 422 1746 et
442 1680 875 1760 senatoriamnecessitatem.
1370 1742 1380 1755 .

267 1790 271 1797 ⁴
382 1790 423 1877 (bi
448 1792 620 1858 Continuus
647 1792 720 1858 indo
750 1801 782 1859 et
809 1814 922 1859 saevus
950 1794 1131 1869 accusandis
1155 1796 1219 1867 teis
1241 1793 1384 1869 Suillius,
1406 1794 1560 1881 multique
1579 1815 1633 1861 an·

299 1898 406 1972 dieite
425 1898 495 1972 eins
516 1905 643 1972 aemuli.
677 1927 750 1972 nam
771 1914 881 1972 cuncta
901 1898 1008 1993 legum
1031 1915 1062 1973 et
1082 1910 1319 1993 magistratuum
1334 1910 1440 1973 munia
1461 1910 1494 1973 iu
1516 1926 1551 1972 se
1571 1916 1633 1972 tra·

298 2022 376 2085 bens
402 2018 547 2105 princeps
576 2022 741 2085 materiam
768 2019 939 2106 praedandi
966 2019 1166 2107 patefecerat.
1205 2040 1265 2086 uec
1292 2020 1460 2107 quicquam
1490 2018 1632 2108 publicae

296 2126 411 2209 muncia
433 2141 495 2197 tam
517 2131 626 2197 venale
648 2133 709 2197 luit
729 2153 822 2221 qnam
845 2132 1070 2216 qqudvocatoru
1091 2131 1237 2220 perfidia,
1261 2137 1397 2200 adeunt
1420 2132 1561 2210 Samius,
1586 2137 1633 2198 in-

259 2244 394 2330 iislgnis
417 2264 513 2329 eques
533 2248 708 2322 Romanus,
731 2245 970 2332 quadringentis
992 2266 1192 2313 nummorum
1219 2245 1346 2313 milibus
1369 2246 1479 2313 Suillio
1501 2245 1581 2313 dalis
1602 2252 1633 2312 et

296 2359 420 2441 cognita
448 2360 713 2443 praevaricatione
740 2357 825 2425 senno
850 2359 883 2424 in
905 2358 1000 2426 domo
1023 2362 1090 2425 eins
1113 2359 1300 2425 incubuerit
1347 2359 1442 2446 igitur
1463 2361 1630 2445 incipiente

303 2466 341 2535 G.
359 2469 435 2536 Silio
457 2472 586 2537 consule
608 2469 789 2556 designato,
814 2472 904 2538 cuius
926 2477 964 2539 de
986 2475 1127 2559 potentia
1148 2482 1180 2538 et
1194 2471 1289 2538 exitio
1305 2471 1338 2538 in
1354 2482 1497 2556 tempore
1514 2492 1631 2537 memo·

296 2586 395 2660 rabo,
419 2592 613 2669 consurgunt
634 2593 758 2669 patres,
786 2585 954 2675 lcgqemue
976 2585 1113 2652 Cinciam
1136 2584 1291 2671 llagitant,
1323 2605 1383 2671 qua
1406 2593 1533 2651 cavetur
1553 2584 1632 2650 anti·

365 2773 392 2824 1.
414 2774 499 2826 Habet
516 2781 634 2840 uergente
651 2776 693 2834 ii,
713 2789 766 2827 non
783 2782 898 2828 uertente
917 2777 1025 2828 Parnes·
1051 2800 1085 2812 -
1102 2784 1230 2827 autumno
1241 2777 1279 2825 Μ.
1295 2799 1325 2813 -
1339 2775 1366 2826 d.
1386 2776 1440 2824 oud
1458 2774 1495 2825 ii.
1517 2799 1552 2810 -
1568 2788 1632 2839 quu-

297 2844 426 2911 licumque
443 2847 486 2897 iic
508 2847 683 2911 qualicunque
703 2848 733 2897 ii.
754 2872 787 2882 -
806 2850 832 2899 5.
856 2849 969 2898 motum
992 2850 1036 2899 bit
1058 2848 1180 2896 odicium
1202 2848 1230 2899 B.
1261 2870 1289 2881 -
1309 2847 1336 2897 6.
1355 2840 1458 2897 uiteitui
1476 2843 1631 2907 (Vitellium)

294 2914 334 2966 ii.
356 2940 386 2957 ·-
406 2916 593 2967 brittannicum
611 2918 648 2967 iii.
678 2942 711 2952 -
739 2917 765 2968 Β.
784 2918 921 2982 Poppaeae
938 2921 1050 2969 rentium
1069 2918 1137 2980 quod
1155 2917 1318 2968 Puteolanus
1344 2924 1371 2967 et
1397 2914 1491 2967 exinde
1519 2917 1631 2968 editores

296 2999 398 3040 omnes.
418 2987 472 3038 Sed
489 3001 574 3050 poppe
591 3000 669 3038 usreu
687 2984 724 3051 (io
743 3001 833 3040 tersui
852 2990 914 3048 line)
933 2992 1070 3039 essentium
1082 2988 1119 3044 ii.
1132 3001 1268 3051 poppaeus
1277 2989 1431 3038 senteutiam
1444 2985 1547 3045 tincti..
1569 2999 1632 3049 pop·

292 3070 377 3120 pasce
393 3060 537 3108 ureeutt‘cm
551 3058 636 3116 liud..
656 3059 793 3121 Poppaeae
807 3067 894 3109 tuceue
907 3061 1018 3109 seutiam
1033 3058 1211 3109 Doederleinti
1227 3063 1352 3121 euspicio.
1368 3058 1464 3108 Verum
1478 3070 1531 3106 non
1542 3062 1630 3117 tacuit,

294 3127 340 3179 red
362 3134 519 3180 sententiam
540 3133 657 3191 quamtis
677 3128 792 3181 breviter
810 3130 883 3180 dinit.
908 3155 936 3166 -
961 3142 1015 3178 oute
1033 3143 1093 3179 euru
1121 3127 1166 3178 lin.
1187 3129 1224 3179 ti.
1249 3155 1279 3167 -
1305 3129 1331 3179 ti.
1352 3142 1380 3178 or
1398 3139 1457 3178 cum
1477 3127 1524 3180 lin.
1544 3127 1580 3176 Μ.
1601 3151 1628 3164 -

295 3199 338 3248 to.
358 3201 515 3249 reneiort'um
533 3199 568 3250 Μ.
589 3227 618 3239 -
636 3202 677 3250 11.
698 3213 777 3249 reuus
795 3201 832 3251 Μ.
855 3224 884 3236 -
903 3200 1019 3249 uuduct'c
1037 3212 1167 3260 eupertci.
1187 3214 1200 3249 e
1218 3199 1255 3249 Μ.
1276 3224 1307 3234 -
1327 3199 1369 3249 iu.
1390 3197 1477 3247 Habet
1489 3200 1579 3246 munio
1591 3196 1630 3257 Μ,

294 3279 346 3318 non
364 3282 424 3319 uece
440 3276 469 3319 nt
487 3266 594 3321 Parnes.
610 3269 699 3321 -13.
721 3272 807 3321 liabet
818 3271 974 3336 quicquum,
994 3284 1046 3320 noo
1057 3270 1214 3333 quidquam,
1235 3269 1272 3319 Μ.
1294 3294 1321 3306 -
1340 3268 1383 3319 tt.
1400 3265 1523 3331 Suetius]
1537 3280 1630 3316 nomen

293 3337 397 3390 ridetur
420 3350 571 3402 corruptum
596 3352 643 3402 pro
662 3341 803 3391 Summiue.
831 3362 862 3376 -
889 3343 933 3391 17.
953 3341 984 3393 ii.
1005 3347 1076 3397 inuia
1106 3347 1192 3391 tamen
1216 3342 1285 3390 inter
1311 3340 1376 3391 Get
1395 3338 1417 3390 G
1434 3336 1568 3402 ambigua)
1587 3337 1629 3389 ei:

294 3406 364 3459 (icio
382 3412 413 3460 it.
443 3433 474 3447 -
500 3418 526 3461 et
543 3425 596 3462 um.
615 3411 653 3464 Μ.
674 3412 830 3475 suppietum
849 3419 890 3463 eet
908 3415 936 3463 in
954 3411 1044 3463 Guell.
1065 3435 1095 3449 -
1115 3410 1159 3462 18.
1179 3411 1273 3460 ciclum
1290 3410 1328 3461 Μ.

293 3577 356 3622 anta
365 3569 491 3636 Caliguia.
504 3571 557 3623 cir.
567 3572 631 3637 Cap.
639 3573 683 3624 ta.
694 3580 721 3627 et
727 3575 771 3625 31.
786 3574 836 3624 iiio
846 3574 890 3633 iiii,
898 3575 943 3626 11.
981 3569 1196 3636 tutupretutuiu]
1207 3573 1379 3623 masculinnm
1391 3577 1439 3628 eet.
1450 3571 1631 3630 sulimatum,

295 3648 340 3701 28.
355 3650 429 3702 Suet.
444 3650 672 3705 0111111157.
687 3655 862 3706 Temerelert
877 3655 943 3705 cod.
983 3668 1035 3704 nou
1055 3654 1193 3705 Suillium:
1224 3665 1277 3704 nos
1296 3659 1348 3703 tam
1367 3654 1501 3702 sumntum
1529 3651 1631 3701 crimini

292 3730 945 3797 ned.compteiaeueuuucodd.ruigsreseuu
983 3735 1094 3785 debatur
1113 3747 1192 3795 quara
1210 3735 1392 3794 interpretatio
1412 3734 1518 3781 somnii.
1539 3755 1570 3768 -
1593 3732 1633 3780 io·

294 3813 438 3863 stituerunt
456 3813 565 3863 Valerii.
582 3839 609 3851 -
630 3816 719 3876 epieeu
736 3811 847 3877 oorouo]
868 3815 944 3877 Quae
981 3816 1069 3880 signio
1085 3810 1245 3875 praeturae]
1278 3814 1351 3864 idem
1371 3820 1461 3875 postea
1485 3811 1634 3861 contulari·

291 3889 395 3943 (leteria
420 3896 525 3955 propria
550 3900 577 3944 et
597 3893 706 3944 fratrum
727 3897 788 3944 item
806 3896 943 3953 analium,
982 3896 1028 3945 bur
1038 3896 1186 3959 insignibus
1198 3893 1313 3943 ducetur
1327 3891 1377 3953 io,
1391 3893 1455 3953 17.,
1474 3891 1521 3941 nbi
1534 3896 1632 3949 namt,

292 3976 324 4019 nt
342 3970 443 4022 Piittine
462 3979 536 4022 notat
556 3971 606 4030 18,
625 3973 652 4023 b.
679 3973 781 4024 corona
801 3987 832 4024 ca
851 3987 898 4037 per
916 3989 944 4027 se
981 3975 1119 4026 alleroue
1139 3974 1310 4031 damnatum,
1339 3977 1425 4034 ipsum
1452 3971 1502 4022 ubi
1523 3978 1633 4020 morte·

292 4060 345 4101 nou
366 4049 456 4103 intelin
475 4064 552 4103 omeo
571 4055 645 4105 triete
665 4052 774 4112 babuit,
800 4053 873 4117 quod
892 4057 944 4115 epi·
981 4058 1148 4105 conscivisse.
1163 4078 1193 4089 -
1207 4053 1320 4117 eleganti
1331 4046 1547 4113 temperamento]
1560 4051 1634 4099 eistete

292 4137 331 4183 oie
349 4138 419 4183 estet
436 4139 507 4184 retro
526 4138 672 4191 convertit,
702 4136 771 4184 sicut
790 4133 862 4195 quod
882 4140 944 4185 ante
981 4133 1067 4195 seiueo
1089 4132 1231 4194 Miiieltoeq
1256 4129 1441 4193 etuseiiuqeud
1467 4127 1527 4190 (mii
1550 4126 1636 4191 [einer

292 4222 406 4275 pugnam
425 4211 621 4275 Philippensem
641 4224 736 4263 corona
756 4213 865 4265 adversa
884 4212 944 4264 Cas·
985 4207 1287 4275 Weuduugtiutrnann).
1303 4210 1406 4261 Etenim
1419 4209 1486 4260 baec
1500 4210 1634 4269 duplicem

291 4295 330 4341 tto
357 4293 489 4351 imposita.
529 4292 599 4341 Piut.
629 4291 702 4342 brut·
731 4293 774 4347 51.
810 4294 883 4344 bins.
912 4317 942 4330 -
981 4304 1088 4344 sensnm
1117 4291 1233 4348 bibent:
1265 4291 1375 4340 aiterum
1403 4289 1513 4352 dignum
1542 4300 1634 4339 tinore

291 4370 450 4437 preoltutem
468 4368 602 4435 σσσσιισι]
623 4378 653 4422 ut
669 4372 754 4423 Plani.
774 4373 857 4424 Stieb.
876 4372 903 4436 1,
915 4373 943 4432 b,
982 4371 1132 4435 coniugalia
1166 4382 1261 4420 enemo
1281 4370 1366 4422 credit
1384 4381 1444 4420 tera
1462 4381 1541 4427 etse,
1561 4379 1633 4430 qnae

291 4452 346 4505 bie
379 4450 473 4511 rides,
491 4456 521 4501 ut
540 4465 651 4503 uuuouu
670 4459 707 4502 est
725 4456 826 4519 qruois.
848 4479 877 4492 -
906 4454 946 4503 ‹ii-
982 4454 1121 4516 Poppaeae
1134 4451 1237 4501 obiecta
1251 4457 1330 4507 sunt.
1351 4461 1401 4501 nec
1414 4462 1500 4512 eguus
1520 4448 1634 4498 aiterum

291 4530 390 4595 putei]
416 4529 602 4602 βραχυλογία
621 4545 667 4594 pro
693 4535 850 4597 «significari
870 4546 945 4596 prae·
983 4534 1100 4595 periculo
1119 4530 1224 4583 vitando
1237 4537 1344 4592 optume
1366 4528 1477 4587 teredo,
1498 4540 1567 4591 quae
1584 4526 1634 4576 ob-

292 4612 554 4676 metumientem.»
577 4634 604 4645 -
636 4613 814 4674 pampineum]
833 4615 945 4665 Artemi·
982 4617 1048 4665 tecta
1067 4617 1145 4669 snut,
1174 4617 1202 4663 et
1221 4611 1330 4667 eedem,
1361 4622 1429 4672 qnae
1448 4610 1529 4662 eeteri
1554 4618 1633 4658 seno

292 4694 371 4745 dorus
400 4692 434 4751 1,
462 4691 508 4741 77.
534 4704 561 4754 p.
587 4692 648 4741 111).
674 4693 762 4745 licitis
794 4694 946 4757 Στέφανος
981 4700 1070 4752 torae,
1090 4690 1234 4742 decerno.»
1255 4690 1325 4741 linit.

292 4768 428 4836 epactas
452 4772 503 4823 καὶ
529 4770 638 4823 κισσοῦ
663 4767 771 4835 μόνοις
796 4777 859 4836 τοῖς
879 4774 943 4842 περὶ
1015 4773 1041 4822 5.
1060 4767 1184 4835 perfidio]
1201 4773 1227 4820 tn
1241 4768 1455 4831 praevaricando·
1470 4793 1499 4806 -
1516 4762 1634 4830 sumtu]

291 4848 346 4904 rtis
362 4848 508 4903 Διόνυσον
527 4850 672 4912 τεχνίταις
689 4852 855 4917 συμφέρει·
881 4856 945 4914 τοῖς
980 4850 1111 4901 somnior
1122 4849 1222 4911 duplici
1240 4863 1267 4897 σι
1284 4853 1383 4912 reperii
1396 4849 1546 4910 complures
1560 4847 1635 4908 sputi

291 4924 944 4995 11ἄλλοιςδισμάσημαΙνιιδιὰιάςέλικας
982 4929 1058 4980 iiiut.
1079 4937 1104 4981 et
1123 4930 1194 4980 blnr.
1214 4951 1246 4965 ·-
1269 4925 1436 4991 memorabo]
1455 4927 1522 4989 cap.
1541 4927 1587 4979 12
1608 4935 1641 4979 et

291 5009 342 5059 stul
373 5006 427 5071 τὰς
464 5005 654 5076 προσπλοκὰς
679 5006 733 5059 roni
764 5006 891 5061 κισσοῦ,
924 5002 946 5073 ἤ
980 5008 1025 5059 ³5.
1055 5032 1086 5046 -
1116 5007 1243 5070 Cinciam]
1263 5009 1436 5067 manualem,
1462 5008 1540 5057 iatam
1558 5018 1573 5055 a
1592 5006 1636 5058 ii.

290 5083 384 5138 νόσον
403 5084 452 5138 διὰ
477 5083 582 5140 rudrcl.
629 5086 752 5138 Ceterum
783 5086 827 5137 bio
852 5091 943 5137 mortis
981 5086 1074 5138 Cincio
1097 5087 1230 5140 numento
1257 5095 1290 5138 tr.
1319 5088 1354 5152 pi.
1374 5099 1400 5138 a.
1419 5100 1446 5137 n.
1466 5087 1529 5136 libii.
1559 5082 1635 5149 (Cio.

292 5164 448 5233 significatio
474 5169 544 5221 inest
569 5170 596 5221 in
623 5165 771 5221 utentibus
798 5165 882 5229 soliis.
911 5191 941 5205 -
981 5165 1014 5218 de
1033 5166 1080 5218 Or.
1099 5168 1134 5229 1,
1159 5168 1205 5218 71.
1234 5165 1293 5218 bie.
1314 5167 1366 5227 et,
1386 5165 1424 5218 ⁴:
1455 5165 1526 5229 Quis
1551 5164 1643 5230 ugia·
