3682 5872
467 1178 561 1267 10.
579 1176 899 1266 GASPARIS
936 1176 1196 1267 chnuht!

634 1380 1042 1461 PRAEFATIO.

241 1820 343 1895 Satis
379 1845 467 1893 nune
508 1826 596 1891 inter
639 1827 774 1893 criticos
814 1830 947 1893 constat
985 1826 1018 1891 in
1052 1824 1160 1894 Taciti
1194 1824 1372 1893 Annalium
1403 1823 1496 1892 libris

164 1956 219 2003 sex
240 1940 414 2027 prioribus
436 1940 563 2005 unicam
586 1959 662 2005 esse
680 1940 910 2005 auctoritatem
926 1934 1060 2005 Codicis
1073 1934 1220 2007 Medicei
1234 1939 1321 2007 Plut.
1334 1936 1498 2011 nxvtn..

164 2051 205 2138 1.,
235 2053 269 2117 iu
293 2052 538 2138 posterioribus
560 2058 594 2117 et
615 2055 648 2116 in
671 2052 829 2118 Historiis
851 2051 985 2119 Codicis
1005 2051 1149 2119 eiusdem
1171 2054 1275 2139 plutei
1295 2053 1496 2142 ll.,omnes

162 2182 241 2230 vero
263 2169 420 2252 ceteros,
447 2167 501 2251 qul
523 2162 701 2231 Annalium
722 2165 761 2232 L.
781 2160 983 2233 xl—xvt.
1003 2169 1104 2253 etque
1125 2166 1293 2234 Historias
1314 2168 1497 2251 continent,

163 2295 202 2343 ex
231 2277 298 2345 hoe
329 2281 404 2363 ipso
434 2296 494 2362 per
524 2279 640 2343 uarios
667 2277 772 2344 ueluti
799 2279 892 2345 rivos
920 2298 996 2346 esse
1024 2277 1202 2367 deductos,
1238 2282 1285 2347 lta
1317 2282 1353 2346 ut
1385 2297 1496 2349 eorum

162 2390 328 2457 lectiones
348 2391 520 2456 variantes
542 2410 603 2476 pro
625 2392 826 2458 coniecturis
847 2393 1026 2475 interdum,
1047 2393 1107 2471 sed
1128 2413 1223 2479 raro,
1244 2393 1411 2482 felicibus,
1434 2412 1495 2480 pro

160 2504 478 2590 interpolationibus
489 2504 690 2586 arbitrante,
712 2524 773 2592 pro
788 2509 886 2571 meris
899 2506 1040 2593 denique
1052 2507 1219 2575 erroribus
1232 2506 1404 2574 habendae
1420 2507 1497 2572 sint.

246 2618 300 2683 nt
322 2635 402 2684 vero
424 2636 520 2683 nemo
543 2620 621 2684 ante
643 2636 705 2683 nos
727 2638 807 2684 usus
828 2622 901 2685 erut
923 2617 1046 2687 Codice
1067 2619 1160 2686 Med.
1180 2621 1223 2709 1.,
1244 2620 1308 2685 nisi
1323 2619 1497 2705 Phiiippus

158 2728 353 2795 Beroaldus
373 2731 499 2821 iunior,
521 2731 657 2798 Curtius
675 2729 840 2820 Pichena,
859 2731 1007 2799 lacobus
1027 2730 1217 2800 Gronovius
1231 2725 1271 2819 ¹),
1295 2732 1497 2800 Fhanciscus

160 2841 213 2909 dei
239 2843 362 2915 Furia;
385 2841 509 2909 Codice
522 2837 568 2908 11.
591 2846 689 2910 etiam
714 2843 837 2911 Petrus
862 2843 1044 2936 Victorius,
1078 2844 1119 2913 de
1140 2849 1234 2914 cuius
1251 2865 1331 2913 curo
1357 2847 1392 2911 in
1412 2864 1496 2937 gra-

161 2958 237 3023 tiam
268 2958 468 3044 praesertim
505 2961 692 3027 exterorum
725 2958 898 3043 exscriho,
933 2978 1016 3044 quae
1045 2959 1146 3027 tradit
1165 2959 1324 3026 Walther
1348 2959 1496 3029 Praefat.

162 3089 191 3156 p.
211 3069 418 3138 XXXVll.:

246 3186 332 3250 «uin
364 3183 566 3253 bibliotheca
593 3185 688 3274 regia
709 3184 906 3252 Monacensi
946 3184 1087 3251 hahetur
1121 3187 1304 3273 exemplum
1341 3185 1495 3254 editionis

161 3295 406 3385 Beroaldinae,
430 3297 515 3384 quod
539 3296 701 3383 quondam
723 3298 786 3363 luit
807 3297 900 3365 Petri
923 3296 1082 3386 Victorii,
1109 3301 1143 3365 in
1165 3319 1270 3386 eoque
1291 3300 1375 3368 llhro
1396 3301 1495 3366 inve-

161 3414 250 3478 nitur
272 3411 410 3478 coliatio
424 3410 557 3477 Codicis
570 3410 664 3477 Med.
679 3411 723 3477 lL
744 3430 765 3478 a
785 3429 882 3478 manu
898 3412 1037 3479 Victorii
1059 3414 1194 3498 scripta.
1236 3415 1277 3481 In
1298 3413 1362 3480 hue
1376 3413 1494 3480 Histo-

160 3526 283 3591 riarum
305 3525 465 3615 leguntur
485 3522 589 3591 haec:
1435 3606 1438 3613 ὁ

241 3638 464 3730 ‹Recognoui
486 3655 557 3704 cum
571 3640 706 3704 vetusto
721 3639 901 3724 exemplari
919 3638 1041 3704 litteris
1053 3638 1286 3729 [langobardis
1304 3640 1429 3727 scripto
1451 3658 1494 3707 ne

165 3767 202 3817 ea
222 3751 359 3840 quidem
380 3754 414 3817 in
435 3751 624 3818 conlatione
647 3753 801 3819 omittens
823 3770 907 3838 quae
921 3754 1079 3838 corrupta
1093 3753 1202 3839 aliquo
1216 3756 1316 3840 pacto
1331 3753 1494 3821 videban-

164 3866 230 3950 tur,
263 3885 311 3934 ne
339 3866 434 3934 locus
462 3867 675 3933 coniecturae
699 3864 911 3932 emendaturo
941 3864 1085 3932 deesset·
1126 3865 1191 3931 Est
1215 3870 1325 3934 autem
1346 3865 1494 3936 codexe

164 3975 240 4045 liivi
261 3977 377 4051 Marci
397 3977 607 4048 bibliotheca.
634 3978 826 4046 Florentiae
846 3976 1028 4045 Mlthll.
1048 3977 1164 4047 Idibus
1184 3980 1255 4045 lan.

988 4089 1026 4157 Ρ.
1061 4091 1366 4162 victorius»

246 4234 376 4307 «alnae
397 4237 439 4306 ab
460 4234 632 4303 undecimo
654 4235 739 4302 libro
753 4232 932 4301 Annalium
941 4233 1112 4301 Victorius
1131 4236 1327 4321 scripturam
1347 4236 1493 4306 Floren-

171 4349 264 4419 tinum
288 4351 333 4420 ab
355 4349 500 4418 editione
521 4348 679 4416 Beroaldl
700 4346 864 4414 diversam
885 4346 1039 4432 adposuit
1061 4347 1252 4435 plerumque
1272 4351 1307 4416 ln
1327 4353 1490 4443 margine:

166 4460 342 4532 breuiores
362 4465 563 4549 varietates,
583 4465 617 4529 et
638 4462 667 4525 si
689 4480 753 4547 qua
775 4480 841 4527 unu
861 4461 1012 4527 alterave
1031 4460 1145 4526 littero
1166 4462 1338 4552 mutanda,
1364 4465 1492 4551 inipso

167 4580 331 4645 contextu
351 4576 560 4668 significavit.
602 4572 695 4656 Quae
716 4572 856 4645 deerant
875 4575 911 4639 in
931 4571 1014 4640 Cod·
1037 4573 1247 4663 Florentino,
1277 4579 1394 4645 notata
1415 4581 1492 4644 sunt

167 4688 302 4757 lineolis
331 4690 388 4756 vel
414 4692 546 4776 punctis
572 4689 764 4775 suppositis
805 4686 1030 4773 Reperiuntur
1059 4688 1158 4755 etiam
1190 4688 1492 4759 ardmadversioues

237 4906 267 4975 1)
287 4907 362 4973 Quae
380 4906 531 4960 Theodorus
549 4905 663 4973 ltyelius
686 4905 762 4957 aliart
788 4916 803 4956 e
827 4901 892 4956 cod.
909 4902 984 4958 liud.
1002 4903 1042 4967 1.,
1074 4904 1207 4969 accerime
1231 4905 1334 4960 udatur
1357 4917 1373 4957 a
1394 4904 1492 4959 lambo

172 4994 321 5061 Gmroato,
344 5003 485 5063 antequam
503 4996 552 5049 sibi
572 4998 713 5050 amicitiam
732 4996 927 5053 renuntiarent:
954 5005 1014 5047 uam
1032 4997 1060 5048 in
1078 4995 1201 5048 lldttioue
1218 5009 1244 5049 a.
1265 4997 1302 5052 11.
1319 4994 1397 5047 DCC.
1416 4994 1491 5049 lixi.

170 5090 226 5145 lae.
247 5090 392 5142 Gronovius
416 5070 570 5152 ateramum
595 5098 648 5138 uon
674 5088 730 5138 stus
754 5084 925 5149 despicientia
943 5086 1056 5150 quadam
1075 5097 1106 5137 au
1123 5087 1254 5144 simultate
1271 5084 1361 5151 liyckti
1381 5088 1493 5140 mendo·

170 5191 235 5235 aaut
254 5179 332 5243 taeit3
350 5180 444 5233 merita
460 5178 534 5244 eiua,
553 5181 682 5245 quantum
698 5178 826 5241 memini,
844 5158 979 5237 aaronem
996 5181 1132 5231 memorat.

222 5274 361 5328 Tadio-1.
1207 5267 1237 5323 i}
