3620 5880
337 457 400 526 820
725 458 914 525 CORNELII
935 459 1296 527 accumulantibus

335 616 463 701 ingenio
494 616 728 685 simulationum
756 628 860 685 tamen
884 619 961 685 salsa
982 622 1014 684 in
1035 622 1104 685 sinu
1128 620 1178 686 avi
1201 620 1422 706 perdidicerat.
1461 619 1523 707 (tu)
1541 642 1671 707 gnarum

336 733 397 796 boc
422 731 574 819 principi,
601 752 705 817 eoque
731 733 885 798 dubitavit
897 736 948 798 de·
961 732 1112 799 tradenda
1132 755 1170 799 re
1194 736 1323 818 publica
1346 734 1484 821 primum
1512 736 1596 802 inter
1616 757 1672 802 ue·

335 857 445 934 potes,
475 869 609 934 quorum
631 854 736 916 Druso
756 852 877 936 genitus
899 853 1050 935 sanguine
1074 859 1105 916 et
1126 854 1254 918 caritate
1276 853 1418 940 propior,
1445 855 1502 918 sed
1532 849 1670 916 nondum

335 965 533 1049 pubertatem
548 961 726 1047 ingressus,
746 964 924 1030 Germanici
944 963 1009 1030 filio
1030 968 1131 1031 robur
1155 968 1320 1042 iuventae,
1338 965 1424 1051 vulgi
1438 967 1555 1038 studia,
1570 984 1670 1048 eaque

313 1078 418 1163 ⁵apud
452 1095 545 1140 avum
579 1074 644 1141 cdli
677 1097 780 1143 causa.
829 1076 923 1171 etiam
956 1077 995 1143 de
1026 1077 1155 1143 Claudio
1181 1078 1325 1164 agitanti,
1346 1077 1432 1164 quod
1457 1082 1484 1144 is
1509 1075 1672 1161 conposita

335 1196 439 1255 aetate
458 1191 612 1255 bonarum
638 1188 754 1254 artium
781 1189 910 1276 cupiens
935 1176 1018 1267 erat,
1040 1190 1204 1257 imminuta
1232 1213 1321 1257 meus
1355 1191 1423 1258 eius
1451 1188 1580 1257 obstitit
1623 1187 1671 1254 sin

293 1350 297 1354 -
335 1309 425 1368 extra
450 1300 578 1367 domum
612 1321 774 1368 successor
806 1312 1023 1388 quaereretur,
1058 1325 1098 1370 na
1134 1307 1289 1371 memoria
1322 1303 1470 1389 Augusti,
1494 1323 1670 1370 nonomen

335 1416 503 1482 Caesarum
536 1414 570 1480 iu
601 1414 737 1481 ludibria
768 1423 799 1481 et
827 1418 1033 1482 contumelias
1058 1395 1260 1495 ιιοοῑοοοοι,κ
1273 1416 1446 1484 metuebat.
1484 1416 1603 1504 quippe
1623 1412 1670 1478 illi

333 1551 399 1595 non
420 1528 550 1616 perinde
575 1551 669 1595 curae
693 1531 792 1614 gratia
816 1531 1028 1615 praesentium
1054 1551 1148 1617 quam
1174 1530 1207 1596 in
1230 1543 1376 1618 posteros
1407 1530 1550 1597 ambitio.
1596 1549 1671 1592 mox

295 1647 472 1710 sctnoertus
497 1645 607 1716 antrni,
633 1640 717 1708 lesao
737 1663 890 1729 corpore,
916 1642 1096 1719 consilium,
1112 1643 1163 1709 cui
1189 1646 1292 1731 impar
1317 1652 1399 1721 erat,
1423 1643 1487 1710 lato
1509 1640 1667 1730 permisit,

335 1760 426 1825 iactis
441 1765 544 1823 umen
559 1757 691 1824 vocibus
709 1776 768 1842 per
789 1777 867 1842 quas
887 1755 1123 1841 intellegeretur
1143 1757 1295 1843 providus
1315 1757 1504 1825 luturorum.
1535 1775 1669 1841 namque

333 1873 490 1945 Macroni,
510 1890 573 1937 non
599 1867 705 1934 abdita
730 1867 876 1955 ambage,
903 1870 1097 1936 occidentem
1123 1869 1163 1936 ab
1189 1891 1228 1936 eo
1254 1874 1375 1949 deseri,
1410 1871 1567 1937 orientem
1600 1888 1669 1954 spe-

334 1984 411 2053 ctari
438 1981 650 2071 exprobravit.
687 1991 719 2048 et
744 1983 779 2047 C.
805 1984 931 2049 Caesari
955 1983 1036 2050 sorta
1056 1992 1126 2050 orto
1149 2005 1295 2050 sermone
1315 1988 1350 2051 L.
1367 1984 1483 2051 Sullam
1505 1980 1668 2054 inridenti,

333 2099 439 2165 omnia
459 2096 563 2163 Sullae
591 2095 666 2162 vitia
699 2104 732 2161 ot
752 2095 869 2162 nullam
893 2097 1036 2163 eiusdem
1051 2099 1199 2163 virtutem
1221 2099 1401 2166 habiturum
1422 2096 1591 2184 praedixit.
1629 2095 1669 2159 si-

294 2213 398 2279 “mul
423 2209 543 2277 crebris
564 2231 634 2274 cum
658 2208 793 2274 lacrimis
817 2208 971 2274 minorem
998 2231 1038 2276 ex
1061 2209 1231 2296 nepotibus
1246 2211 1433 2298 conplexus,
1448 2211 1529 2275 truci
1542 2205 1668 2274 alterius

333 2329 438 2402 vultu,
466 2322 610 2390 «occides
629 2325 711 2388 bunc
731 2330 788 2387 tu»
813 2321 935 2408 inquit,
965 2333 1017 2388 net
1037 2332 1068 2390 te
1094 2323 1204 2389 alius.»
1251 2328 1308 2391 aed
1337 2333 1539 2410 gravescente
1561 2323 1669 2388 valitu-

333 2435 406 2501 dine
427 2432 502 2500 uibil
529 2457 547 2499 e
573 2430 755 2499 libidinibus
777 2434 958 2509 omittebat,
994 2433 1027 2498 iu
1065 2433 1218 2520 patientia
1245 2432 1470 2501 firmitudinem
1500 2437 1665 2510 simulans,

332 2547 506 2632 solitusque
528 2545 658 2632 eludere
680 2545 876 2612 medicorum
898 2555 982 2611 artes
1004 2538 1106 2633 atque
1120 2570 1175 2614 eos
1192 2547 1244 2634 qui
1260 2557 1331 2634 post
1345 2549 1538 2615 tricesimum
1561 2552 1668 2616 aetatis

331 2683 446 2729 annum
475 2663 515 2726 ad
542 2658 782 2727 internoscenda
808 2662 934 2746 corpori
963 2680 1022 2726 suo
1051 2662 1138 2727 utitia
1168 2661 1217 2728 vel
1242 2659 1337 2727 noxia
1358 2661 1453 2727 alieni
1476 2661 1599 2729 consilii
1621 2664 1666 2726 in-

294 2775 485 2861 tedigerant.

417 2887 478 2972 [tt]
501 2887 628 2954 Interim
657 2889 776 2952 Itomae
809 2884 923 2951 futuris
958 2891 1052 2955 etiam
1080 2896 1154 2971 post
1183 2887 1343 2954 Tiberium
1372 2891 1521 2955 caedibus
1550 2890 1666 2955 semina

329 3001 533 3069 iaciebantur.
569 2999 694 3067 Laelius
716 2997 831 3065 Balbus
852 3002 1012 3078 boutiam,
1032 3004 1066 3065 P.
1083 3000 1201 3067 VitelliI
1223 3005 1383 3088 quondam
1404 3023 1555 3082 uxorem,
1573 3003 1667 3070 maie·

399 3181 426 3231 ὅ.
446 3187 512 3245 aput
529 3180 568 3232 bl.
594 3201 628 3214 ·-
653 3192 731 3243 caup.
750 3179 792 3231 II:
812 3191 897 3243 comp.
917 3178 949 3227 u.
978 3202 1011 3215 -
1042 3177 1067 3229 d.
1088 3180 1245 3232 arctumbl.
1267 3181 1360 3232 -13,
1382 3181 1474 3233 cua:
1495 3178 1614 3230 GotoB.
1635 3202 1663 3216 -

329 3250 361 3303 L·
381 3249 426 3302 Με
449 3253 557 3302 Lucium
575 3250 606 3301 a.
634 3276 665 3287 -
692 3255 746 3299 tur·
764 3249 810 3299 bt:
829 3251 878 3298 ur.
898 3248 930 3298 B.
953 3274 981 3286 -
1003 3249 1046 3299 15.
1067 3250 1152 3311 conpt.
1172 3252 1215 3305 Mc
1236 3253 1330 3317 compl.
1350 3253 1382 3304 B.
1404 3278 1432 3290 -
1454 3251 1498 3302 16.
1516 3250 1611 3315 inpuid
1627 3249 1664 3301 ut·

330 3347 363 3361 ·-·
381 3323 426 3373 22.
445 3322 540 3373 tectius
558 3322 595 3374 bl.
619 3344 647 3355 -
667 3319 696 3369 P.
718 3319 761 3370 bls
781 3318 868 3369 Publii
885 3320 916 3370 B.
936 3344 970 3355 -
988 3321 1094 3371 oboram
1114 3321 1151 3373 bl.

329 3470 393 3521 ttcr.
412 3468 467 3520 (lte.
486 3468 561 3519 Brut.
581 3465 634 3517 bt:
663 3472 797 3529 patronus
817 3465 912 3529 poetic
929 3463 981 3527 {er-
1017 3462 1145 3531 ἐκγόνου
1163 3460 1225 3533 ἔφη
1243 3466 1318 3538 πρὸς
1334 3464 1388 3520 τὸν
1404 3463 1496 3519 Γάϊον
1513 3461 1531 3518 ὁ
1552 3462 1665 3527 πάππος

328 3549 417 3600 utilior
434 3556 515 3614 etque
531 3550 696 3598 commotior.
734 3547 773 3597 Αο
795 3547 914 3597 stmtttter
932 3546 981 3596 Ca·
1019 3545 1170 3616 Τιβέριος,
1190 3547 1224 3597 Τί
1236 3544 1429 3611 anecdotam
1447 3549 1495 3596 aot
1508 3543 1546 3597 σύ
1561 3547 1665 3599 τοῦτον

329 3631 412 3695 ΙΙςοΙι
430 3628 549 3691 nasta,
567 3626 612 3678 48.
632 3635 740 3680 vocatur
755 3625 979 3676 turbidusontmt.
1018 3621 1195 3687 φονεύσεις,
1214 3626 1264 3676 καὶ
1279 3619 1420 3677 obditos·
1457 3623 1510 3687 (Ite
1530 3628 1664 3686 utriusque
1691 3639 1694 3643 ’

1019 3702 1099 3753 caede
1120 3716 1144 3753 ι.
1167 3706 1296 3766 tmprtmts
1324 3704 1462 3755 Pbttonem
1489 3708 1516 3754 tn
1542 3704 1605 3769 Lea.
1633 3701 1663 3753 ad

362 3791 407 3843 44.
435 3803 550 3855 auarum
576 3782 640 3850 boo]
666 3785 774 3837 conattta
799 3791 825 3836 et
848 3792 916 3837 artes
941 3787 980 3835 tn·
1018 3781 1111 3833 Catum
1129 3782 1156 3832 4.
1177 3790 1204 3833 et
1220 3784 1266 3842 5..
1287 3792 1342 3833 tum
1361 3784 1435 3836 Suet.
1456 3782 1512 3835 Cal.
1526 3784 1570 3833 23·
1584 3782 1663 3833 essa.

328 3872 424 3935 telttgtt
442 3868 498 3923 G'att
518 3868 698 3922 ctblacrouta.
714 3891 742 3904 -
764 3867 853 3917 Druso
866 3862 979 3929 posttea]
1018 3861 1155 3913 Tiberium
1179 3861 1258 3913 Catus
1283 3865 1395 3915 tutertiot
1413 3867 1488 3914 tussit
1506 3867 1558 3914 tarn
1583 3868 1663 3926 prtum

328 3951 461 4003 Ttbertua.
480 3951 514 4009 2,
533 3948 576 4000 st.
591 3948 642 3997 lito
655 3946 706 4005 58,
725 3943 769 3996 2³.
794 3971 822 3983 -
843 3948 980 4009 conposito
1018 3944 1121 4003 Imparlt
1136 3945 1229 4004 anna.)
1244 3968 1275 3979 -
1293 3945 1322 3993 ιἰι
1331 3941 1473 4007 patientta]
1494 3945 1599 3996 dolores
1616 3944 1664 3994 lor-

327 4026 425 4094 octota]
445 4030 536 4082 eadam
556 4028 745 4093 stputbcattone
765 4025 858 4077 Graeci
887 4018 980 4092 ἦκα-
1016 4025 1079 4074 tlter
1096 4022 1193 4074 octoas.
1224 4023 1311 4075 «bum
1331 4025 1508 4077 valetudinem
1527 4027 1583 4077 stre
1600 4037 1664 4075 mor·

327 4108 488 4177 θεοτηιιυτα
505 4103 605 4176 ἡλικία
623 4106 755 4171 (Tbuepd.
775 4105 808 4166 2,
827 4101 898 4167 ab),
927 4105 977 4154 des
1016 4103 1079 4153 bum
1099 4106 1200 4165 patttur
1215 4104 1257 4155 ret
1276 4105 1375 4154 uredtts.
1389 4106 1414 4155 tn
1433 4105 1569 4157 doloribus
1581 4107 1662 4157 valera

326 4189 581 4257 pernumeratum
601 4189 682 4240 atar.
722 4187 778 4238 th.
797 4188 830 4236 de
849 4186 912 4237 Seu.
932 4186 977 4246 20,
1016 4198 1043 4235 se
1062 4183 1196 4239 simulat.»
1239 4182 1439 4246 Stmpttctsstma
1462 4185 1530 4237 bace
1557 4192 1598 4236 est
1616 4198 1664 4248 po·

326 4271 377 4323 ἴθι
408 4273 531 4320 comtum
553 4273 643 4324 oetas,
676 4279 744 4329 ηιιαο
765 4267 852 4317 medio
869 4266 976 4316 dicitur.
1015 4264 1126 4312 tienttaa
1146 4264 1237 4322 uotto,
1257 4277 1417 4327 quamquam
1437 4268 1587 4323 rausstrnaa
1607 4276 1661 4316 nam

327 4352 391 4403 Erat
410 4357 498 4401 autern
517 4353 581 4398 tuuc
598 4346 712 4396 XXXII.
730 4359 813 4397 anuos
832 4353 919 4396 natus.
946 4372 975 4384 -
1016 4344 1175 4406 pterumpua
1194 4343 1308 4394 aduatrta
1333 4351 1374 4395 est
1398 4347 1565 4396 constantiae
1586 4346 1661 4408 atpat-

328 4426 597 4493 crudentam1verba
618 4427 713 4477 Dtanls
732 4438 811 4488 supra
830 4427 976 4476 attuttmus.
1016 4425 1119 4485 beatio,
1141 4436 1194 4486 qua
1211 4426 1270 4486 quta
1286 4424 1354 4475 mata
1373 4437 1424 4474 uon
1443 4427 1552 4489 potttur
1570 4427 1660 4481 sotum.

328 4507 977 4569 Gloriareuuutcupeneseompetnn,nur,cum
1014 4501 1138 4566 πάσχει,
1174 4503 1219 4553 sed
1248 4507 1327 4554 ettam
1354 4507 1522 4567 perpetitur,
1561 4503 1659 4574 τολμᾷ.

326 4592 397 4644 Sutia
409 4595 432 4642 ct
447 4588 609 4650 trtumpburn
623 4586 774 4649 abnegaret,
788 4584 900 4636 ἐννοεῖν
917 4583 977 4635 ἐκέ·
1015 4582 1078 4633 Seu.
1099 4582 1150 4642 Ep.
1163 4582 1217 4632 78:
1240 4582 1396 4634 Toterotttts
1414 4591 1451 4633 est
1463 4585 1548 4633 morbi
1564 4588 1661 4648 postca·

326 4665 529 4731 λευεναιῐτόν,
552 4663 599 4719 ὅτι
614 4661 765 4731 rovelton
779 4660 977 4715 ἀνατέλλοντα
1013 4663 1073 4715 οἱα.
1103 4664 1127 4711 ιι·
1151 4665 1337 4724 contempseris
1370 4662 1397 4712 td
1424 4663 1495 4724 quod
1523 4671 1660 4715 attremant

327 4752 457 4814 πλείονες
474 4744 497 4816 ἤ
510 4741 674 4811 δυνάμενον
684 4742 917 4815 προσκυνοῦσιν,
938 4737 977 4805 ὦς
1012 4743 1139 4790 minatur.
1177 4741 1430 4792 assumseram
1447 4746 1528 4792 uatus
1542 4745 1607 4794 mett
1616 4756 1660 4807 pn·

296 4887 298 4891 ,
326 4827 407 4901 αὐτῷ
422 4830 477 4897 μὲν
497 4821 723 4891 αὐξανομένης,
751 4823 929 4889 μειουμένης
946 4820 976 4871 δὲ
1013 4821 1118 4870 stantia.
1144 4821 1235 4871 bonu.
1256 4835 1287 4873 ex
1306 4822 1405 4872 liotbto
1423 4822 1456 4873 ad
1476 4824 1539 4886 Agr.
1559 4836 1584 4885 ρ.
1603 4824 1657 4875 atu.

326 4914 376 4966 καὶ
394 4908 615 4981 μαραινομένης
632 4901 732 4970 ἐκείνῳ
750 4900 802 4965 τῆς
815 4896 975 4962 δυνάμεως.
1014 4900 1081 4964 (Νοο
1101 4899 1233 4952 debebant
1252 4908 1339 4953 umen
1358 4903 1410 4952 buc
1429 4902 1532 4953 trabere
1551 4904 1619 4954 bau.
1633 4902 1656 4962 d,

326 4990 498 5051 PlutPomp.
510 4987 552 5037 14.
567 4985 641 5035 Luca.
666 5006 696 5021 ·-
721 4976 830 5042 occides]
856 4979 905 5029 Dto
924 4980 941 5030 Ι.
958 4980 975 5030 Ι.
1013 4982 1048 5030 1:
1079 4981 1219 5044 mutttpttct
1241 4983 1389 5044 pottcntta,
1419 4986 1496 5032 cutus
1515 4987 1657 5034 sensusest

327 5077 354 5123 et
371 5071 434 5123 Ere.
452 5069 517 5121 Ilatt
536 5066 595 5117 Vol.
615 5062 663 5114 IX.
683 5076 710 5126 p.
729 5061 781 5112 892
806 5057 977 5126 Διαιιληκτι·
1013 5073 1085 5112 mare
1098 5061 1308 5122 obscoenus.)-
1321 5058 1435 5125 uouere]
1449 5062 1503 5112 Ctr.
1518 5064 1591 5116 Suet.
1602 5063 1654 5114 tu.

327 5152 452 5218 ζομένου
477 5146 548 5200 ποτε
568 5143 660 5198 Γαΐου
685 5142 736 5195 καὶ
761 5140 896 5214 Τιβερίου
922 5142 976 5193 τοῦ
1013 5141 1057 5193 db.
1076 5140 1147 5193 Plut.
1168 5141 1201 5193 de
1214 5141 1278 5193 San.
1291 5141 1385 5194 Praec·
1400 5136 1598 5196 243Ἥκοοοα
1617 5144 1655 5195 Ta·
