3612 5880
322 451 382 517 irs
717 453 908 520 CORNELII
928 452 1064 520 Taciti
1084 455 1292 522 lunatum

316 607 440 696 legibus
461 614 663 691 oonstrietue,
686 634 770 681 nuno
790 616 902 681 vinclis
924 613 1077 682 exsolutis
1098 617 1231 691 domos,
1252 611 1343 692 lora,
1365 612 1429 681 iam
1450 624 1484 682 et
1502 616 1660 682 exercitus

317 732 478 810 reperent.
502 720 563 812 (ot)
584 746 758 812 paucorum
780 726 859 795 baso
880 731 1016 796 adsensu
1030 725 1154 794 auditas
1177 726 1287 812 plures
1300 725 1531 807 obturbabant,
1554 748 1659 817 neque

315 836 451 904 relatum
479 841 519 905 de
545 838 673 926 negotio
702 861 804 929 neque
833 842 998 908 Caecinam
1025 842 1155 928 dignum
1184 847 1289 908 tantae
1313 843 1362 909 rei
1382 862 1558 909 aemorum.
1582 862 1659 909 mor

318 949 463 1018 Valerius
484 951 686 1030 Messalinus,
720 956 772 1021 cui
793 975 908 1039 parens
928 953 1061 1021 Messala
1081 953 1247 1042 ineratque
1267 956 1373 1041 imago
1389 962 1537 1042 paternae
1550 956 1660 1023 uron-

296 1066 406 1139 rdiae.
429 1068 591 1153 respondit
612 1068 709 1134 muita
730 1065 865 1134 duritiae
886 1075 1032 1135 seierum
1053 1066 1087 1133 in
1101 1067 1213 1134 malim
1227 1076 1260 1134 et
1273 1067 1386 1135 laetius
1400 1077 1533 1150 mutata;
1555 1090 1659 1157 noque

318 1177 419 1253 enim,
442 1186 478 1245 ut
498 1180 591 1255 ubrn,
614 1178 754 1246 obsideri
775 1182 887 1247 urbem
908 1178 999 1247 bellis
1016 1189 1072 1247 ant
1085 1181 1263 1269 provincias
1277 1181 1399 1249 hostilis
1412 1204 1492 1250 esse.
1513 1191 1546 1249 et
1559 1202 1659 1269 pauca

317 1288 505 1358 seminarum
537 1291 776 1360 necessitatibus
809 1292 957 1370 concedi,
991 1315 1072 1381 quae
1107 1314 1147 1361 ne
1177 1295 1347 1381 coniugum
1368 1294 1496 1382 quidem
1517 1305 1658 1383 penates,
1750 1373 1757 1388 ,

318 1402 397 1469 adeo
419 1404 524 1472 socios
546 1426 610 1472 non
632 1413 784 1485 onerent3
808 1414 912 1473 cetera
933 1407 1092 1491 promisca
1113 1429 1186 1473 oum
1207 1412 1339 1487 marito,
1363 1428 1422 1475 neo
1443 1408 1542 1477 ullum
1564 1408 1596 1475 in
1619 1428 1659 1474 eo

317 1517 402 1605 pacis
429 1517 700 1605 impedimentum.
724 1517 807 1585 bella
840 1519 934 1604 plane
966 1519 1113 1587 accinctis
1143 1524 1304 1589 obeunda:
1341 1520 1398 1589 sed
1424 1522 1658 1588 revertentibus

279 1656 308 1696 so
317 1638 391 1714 post
410 1628 552 1697 laborem
575 1631 661 1718 quod
681 1635 845 1698 honestius
866 1653 959 1719 quara
981 1635 1131 1701 uxorium
1152 1636 1385 1701 levamentum?
1407 1643 1440 1701 at
1458 1638 1610 1722 medam
1626 1636 1659 1699 in

317 1745 522 1811 ambitionem
544 1753 599 1811 ant
620 1747 782 1811 avaritiam
805 1746 975 1834 prolapsas.
997 1745 1094 1834 quirit
1128 1748 1270 1833 ipsorum
1293 1749 1530 1834 magistratuum
1551 1768 1658 1814 nonne

316 1856 486 1946 plerosquo
508 1856 603 1925 variis
624 1857 808 1925 libidinibus
830 1857 1010 1926 obnoxios?
1039 1881 1105 1927 non
1130 1868 1234 1927 tamen
1255 1863 1330 1927 ideo
1352 1863 1510 1927 neminem
1529 1862 1563 1926 in
1585 1880 1661 1945 pro-

316 1970 452 2037 vinciam
479 1969 571 2037 mitti.
601 1980 769 2059 corruptos
794 1992 888 2060 saepe
916 1973 1122 2060 pravitatibus
1142 1988 1279 2040 uxorum
1301 1974 1447 2041 maritos:
1481 1994 1557 2039 num
1579 1993 1659 2058 erqo

316 2087 421 2151 omnis
441 2081 577 2151 caelibes
598 2086 758 2171 integros?
780 2087 937 2175 placuisse
958 2088 1117 2173 quosdam
1141 2087 1259 2174 Oppias
1287 2087 1373 2172 leges
1399 2086 1445 2153 sic
1462 2084 1659 2174 temporibus

276 2199 366 2267 arrei
392 2196 538 2282 publicae
566 2199 814 2285 postulantibus:
837 2201 1002 2271 remissum
1029 2198 1148 2287 aliquid
1170 2208 1281 2286 postea
1302 2209 1336 2267 et
1356 2199 1548 2284 mitigatam,
1585 2201 1660 2286 qnia

318 2310 506 2398 expedierit.
539 2309 657 2379 frustra
689 2320 830 2379 nostram
861 2312 1018 2400 ignaviam
1050 2312 1112 2379 alia
1137 2311 1178 2380 ad
1199 2313 1354 2389 vocabula
1374 2311 1553 2380 transferri:
1586 2333 1658 2379 narn

318 2427 377 2491 riri
397 2425 431 2492 in
452 2446 494 2494 eo
513 2426 655 2512 eulpam,
678 2425 705 2492 si
726 2425 843 2492 semina
860 2428 994 2492 'modum
1015 2429 1159 2495 excedat.
1176 2447 1277 2515 porro
1297 2430 1338 2493 ob
1353 2427 1448 2494 unius
1462 2435 1516 2494 aut
1529 2425 1658 2493 alterim

318 2538 498 2607 inbecillum
521 2542 657 2606 animum
680 2539 762 2606 mule
784 2541 864 2627 eripi
886 2538 1007 2606 maritis
1021 2538 1181 2606 consortia
1198 2561 1305 2606 rerum
1325 2543 1531 2615 secundarum
1546 2543 1660 2606 adver·

317 2673 498 2741 sanumque.
533 2653 627 2720 simul
661 2674 773 2720 sexum
802 2661 914 2719 natura
941 2651 1114 2719 invalidum
1136 2652 1256 2732 deseri,
1290 2663 1322 2721 et
1343 2656 1460 2739 exponi
1482 2675 1540 2721 suo
1563 2653 1657 2729 luxu,

279 2764 519 2853 soonpidinibus
540 2765 663 2833 alienis.
687 2765 743 2833 vix
764 2767 923 2854 praesenti
944 2764 1083 2832 custodia
1106 2787 1232 2833 monere
1254 2765 1372 2832 inlaesa
1393 2766 1555 2852 coniugia:
1582 2765 1659 2853 quid

386 2940 414 2990 2.
433 2940 492 2990 uiis.
512 2940 558 2992 Με
577 2952 630 2991 uss.
650 2939 682 2990 B.
704 2963 735 2977 -
752 2939 781 2990 t.
798 2944 914 3003 poiseus
931 2940 970 2992 Μ.
990 2964 1024 2976 -
1041 2941 1068 2991 5.
1088 2939 1205 2991 duritias
1223 2938 1267 2993 aa:
1284 2939 1381 2991 (iuriis
1399 2952 1458 2991 cuns
1476 2937 1607 2990 lirrosldo
1624 2939 1658 2991 B.

316 3005 411 3072 (mutu
423 3012 551 3063 oderitis
562 3010 683 3062 Muretus
697 3016 724 3062 et
738 3010 888 3068 icidallus,
908 3011 983 3072 prob.
1004 3008 1303 3073 Doederleinlo.l-tu
1321 3025 1373 3063 uns·
1393 3011 1432 3061 Μ.
1451 3010 1535 3061 inseri
1556 3014 1658 3063 iussere

315 3079 438 3133 Muretus
456 3091 538 3145 atque
556 3081 701 3133 Acidsiius.
729 3106 759 3119 -
786 3080 813 3131 b.
834 3081 951 3133 obsidere
968 3079 1036 3144 (stc)
1055 3082 1091 3132 Μ.
1113 3102 1147 3115 -
1173 3085 1236 3132 esset
1262 3080 1301 3131 Μ.
1330 3106 1361 3118 -
1388 3082 1414 3131 ’1.
1430 3082 1537 3144 piuutas
1558 3082 1598 3132 Μ.
1626 3104 1657 3116 -

316 3151 343 3201 8.
358 3154 495 3216 premiaco
519 3153 565 3205 ii:
591 3153 746 3217 promiscuo
772 3149 804 3201 B.
836 3176 870 3188 -
887 3151 914 3200 ii.
934 3153 1069 3203 aeduum
1086 3163 1217 3212 superser.
1237 3152 1302 3203 ibi.
1330 3178 1363 3191 -
1386 3153 1429 3203 io.
1448 3148 1489 3215 ut]
1509 3152 1546 3202 uit
1564 3150 1604 3203 Μ.
1622 3176 1659 3187 -

317 3221 361 3274 ss·
381 3226 465 3275 Μ
481 3223 526 3277 M:
555 3235 644 3275 mmm
667 3224 700 3274 B·
728 3247 760 3260 '¹'
785 3221 829 3274 ¹⁶·
855 3221 951 3287 aliqua
973 3223 1012 3274 M·
1040 3247 1068 3262 ·“
1091 3222 1134 3273 18·
1152 3222 1206 3274 ‘aba
1226 3221 1271 3275 Μῖ
1291 3222 1353 3275 ΜΨ·
1374 3222 1406 3275 B·
1430 3248 1458 3260 ““
1478 3222 1523 3273 w·
1542 3222 1592 3273 ‘nte
1610 3222 1657 3275 ni

318 3448 459 3502 mulierum
487 3448 540 3501 iata
566 3459 592 3498 a.
616 3446 679 3500 aaa.
708 3447 773 3501 ac.
793 3446 880 3511 Oppio
908 3447 968 3498 trib.
1007 3446 1121 3501 atessaia
1149 3461 1172 3499 s.
1195 3447 1338 3500 Messalino
1364 3456 1419 3499 cos.
1444 3460 1469 3499 a.
1488 3446 1551 3500 riti.
1576 3460 1658 3510 supra

322 3529 371 3593 pi,
390 3529 514 3595 abrogata
532 3526 594 3580 XX.
614 3530 689 3580 annis
707 3536 785 3591 post.
805 3526 901 3580 trustra
919 3527 971 3578 dir·
1009 3527 1038 3579 C.
1058 3529 1106 3590 a..
1134 3527 1179 3580 ubi
1200 3533 1271 3582 ceris
1290 3540 1344 3580 non
1363 3529 1444 3592 maqis
1464 3541 1543 3592 quam
1563 3531 1590 3580 ia
1609 3529 1658 3580 Fa·

317 3610 448 3663 suadente
468 3610 578 3662 Catone.
596 3609 655 3661 Lis.
675 3608 729 3672 34,
749 3609 775 3660 i.
802 3607 915 3660 Prorsus
937 3611 971 3659 si·
1007 3610 1054 3660 siis
1073 3614 1156 3662 ssstat
1173 3610 1282 3661 secundi
1304 3608 1457 3662 consulatus
1476 3612 1586 3662 mentio.
1615 3610 1657 3660 At

318 3690 415 3743 militer
441 3703 522 3743 unam
549 3690 663 3754 Augusti
693 3689 726 3741 ‹ie
753 3688 856 3741 ambitu
886 3688 969 3753 legem
1008 3701 1084 3749 eum,
1107 3691 1153 3752 qul
1171 3690 1215 3741 bie
1232 3695 1394 3742 memoratus
1414 3693 1570 3753 interpretes
1589 3688 1659 3742 rele-

316 3777 393 3824 sooat
410 3770 493 3823 iulius
509 3771 577 3835 ieqss
602 3770 654 3829 ie,
672 3769 716 3821 Μ).
738 3769 878 3820 -es'ssetts
896 3781 971 3819 arao·
1007 3773 1070 3820 sunt
1087 3768 1187 3819 Tibuii.
1206 3770 1238 3830 Ξ,
1258 3769 1286 3821 b.
1323 3769 1401 3822 Osiri.
1421 3767 1609 3831 orientali,
1628 3770 1656 3830 5,

316 3849 389 3916 tastis]
419 3857 449 3903 ut
471 3850 502 3902 G.
526 3850 578 3902 aa:
615 3849 727 3901 metuit
753 3849 874 3914 pisisque
906 3849 971 3914 topia
1006 3850 1034 3900 ’1.
1053 3872 1086 3886 -
1104 3846 1232 3914 murus]
1252 3857 1282 3902 ut
1296 3849 1335 3910 b,
1353 3848 1398 3899 st.
1418 3851 1550 3914 genitivus
1567 3853 1658 3915 unqu·

315 3944 408 3983 ussus
423 3931 454 3983 C.
473 3930 526 3983 aa:
557 3932 594 3982 uit
611 3926 800 3983 susoiosuilum
821 3928 970 3991 ossrrsum5
1009 3930 1087 3981 lasiss
1107 3929 1206 3980 «muita
1233 3942 1303 3993 quas
1322 3936 1424 3983 veteres
1443 3932 1521 3982 nimis
1540 3930 1658 3982 dursac

315 4024 512 4074 supervacanea
538 4012 618 4077 iqttur
643 4015 683 4064 est
700 4007 813 4062 aerariis
831 4014 901 4064 ooni.
926 4022 970 4062 sar·
1007 4012 1300 4064 recensuerimus.»
1347 4008 1484 4062 Gentttsos
1506 4015 1597 4064 autem
1618 4013 1658 4062 sie

316 4093 428 4146 sobius.
1008 4090 1155 4143 cumulatos
1170 4089 1278 4143 honera
1290 4089 1411 4140 Taetrum
1422 4090 1494 4155 qaod
1508 4089 1573 4142 dicit
1587 4090 1658 4142 iios·

351 4172 396 4224 st.
426 4184 508 4239 raeqm
532 4167 662 4237 rotatum]
692 4183 707 4222 a
737 4171 824 4223 lirosa
850 4169 968 4222 consuis.
1008 4171 1124 4233 derisio,
1158 4182 1214 4222 non
1249 4181 1445 4234 usquequaque
1478 4182 1569 4222 serum
1605 4176 1655 4221 est.

318 4253 432 4306 Caecina
458 4256 529 4306 entra
554 4252 619 4303 iliud
647 4258 787 4304 censuerat
811 4264 859 4314 par
884 4263 969 4314 sqres·
1007 4253 1189 4315 Reperiuutur
1213 4256 1286 4305 certa
1315 4249 1473 4314 aliquoties,
1504 4256 1535 4301 ut
1555 4249 1591 4312 t,
1618 4248 1655 4300 8:

316 4337 419 4388 sionem
437 4337 492 4386 stae
511 4344 647 4386 excessum
665 4346 680 4386 e
699 4334 851 4387 sententia.
872 4330 919 4382 cir.
940 4331 968 4392 2.
1007 4344 1093 4383 omues
1104 4330 1265 4382 oobtudiois
1283 4330 1339 4381 etus
1351 4326 1528 4395 (bruillolis.
1546 4329 1591 4385 ii.
1605 4328 1655 4380 bt:

316 4415 361 4468 38.
388 4441 418 4453 -
449 4417 543 4465 tonius
558 4410 614 4477 rei]
646 4414 745 4477 pendet
771 4427 787 4465 a
813 4425 839 4465 s.
858 4424 967 4473 esurum
1005 4411 1158 4462 Britannici
1174 4408 1299 4473 {orroeos
1314 4422 1432 4462 moeror.
1469 4409 1538 4460 illst.
1552 4406 1586 4469 8,
1606 4411 1654 4462 102

317 4498 367 4550 etsi
395 4495 439 4548 alli
466 4495 610 4560 qsnltlrurn
633 4508 648 4546 a
673 4508 698 4545 r.
719 4494 833 4559 <tiquam
852 4492 968 4555 pendere
1004 4491 1168 4555 proditionis
1184 4492 1230 4541 ira
1246 4490 1368 4540 miiitum.
1412 4488 1489 4542 itero
1507 4491 1592 4542 errori
1611 4489 1655 4542 ue·

317 4580 481 4638 existimant,
509 4581 539 4627 ut
565 4588 628 4627 sans
653 4581 693 4628 est
711 4576 763 4635 iii,
783 4573 836 4624 it:
858 4572 969 4636 diuum
1006 4572 1062 4624 beri
1081 4569 1319 4622 rideturiieroairlt
1336 4569 1452 4629 mmor.
1471 4580 1551 4632 quam
1572 4571 1654 4633 ipsam

315 4658 525 4715 Arsoeramru:
561 4668 651 4707 serum
686 4654 730 4706 lale
767 4652 967 4718 siqniiieanrium
1007 4654 1183 4714 antiquiorem
1202 4648 1311 4701 lormam
1327 4649 1653 4713 proteritteiesssmuiti

317 4744 390 4797 erat,
409 4737 495 4801 qualis
515 4737 554 4788 rei
574 4747 684 4795 censor,
705 4734 732 4784 iu
751 4739 808 4794 est,
829 4736 970 4796 castigator
1006 4734 1106 4794 opinati
1134 4737 1207 4782 snat.
1255 4729 1331 4782 Adeo
1363 4735 1452 4781 autem
1486 4727 1570 4781 trellis
1597 4736 1654 4796 posi

317 4824 345 4870 et
370 4825 504 4870 corrector
527 4818 669 4868 exstitisset
687 4813 811 4866 Caecina.
831 4839 863 4851 -·
894 4812 969 4866 Vols·
1006 4813 1105 4865 litteras
1123 4825 1168 4862 uss
1185 4811 1283 4863 iiorstr
1302 4811 1383 4862 estis
1393 4809 1503 4869 melius.
1521 4815 1651 4874 utreque

316 4899 375 4949 rius
390 4896 561 4957 Messalinus]
580 4896 751 4959 praenomine
769 4892 892 4954 Marcus,
912 4906 967 4946 cos.
1007 4907 1054 4957 eqo
1073 4891 1192 4954 recipere
1211 4890 1362 4943 dubitarim.
1400 4890 1505 4941 litentur
1524 4892 1655 4942 sinaitas

318 4978 444 5030 salicetus
467 4989 493 5028 a.
511 4976 592 5038 751„
620 4974 690 5025 filios
706 4972 836 5025 bisnaias
860 4971 968 5025 Coruini
1005 4976 1111 5023 mutulo
1128 4973 1216 5022 minua
1235 4970 1437 5033 reprehenderis
1456 4966 1529 5033 (nam
1547 4975 1576 5023 et
1597 4971 1650 5023 Lis·

317 5056 484 5111 celeberrimi
510 5056 581 5108 iliius
604 5054 715 5107 oratoris
738 5064 770 5104 ac
796 5052 905 5104 tantoris
924 5053 969 5104 Ti·
1006 5054 1040 5114 1,
1060 5050 1110 5103 ti:
1140 5063 1211 5102 arose
1230 5052 1306 5116 psius
1331 5055 1436 5102 mutuis
1452 5055 1498 5119 ⁸sat
1514 5049 1588 5116 res),
1612 5053 1652 5103 sia

318 5137 400 5199 built,
427 5149 481 5190 eor·
500 5149 526 5190 a.
544 5134 627 5200 iti..
647 5134 764 5186 tironus
782 5131 848 5186 siit.
863 5131 967 5187 Valerio
1006 5129 1143 5186 tolerabile
1168 5129 1275 5186 ridetur
1298 5129 1393 5185 iusim
1415 5136 1531 5186 mutu·
1565 5132 1653 5197 Atque
