3634 5876
331 490 393 554 626
737 486 925 551 CORNELII
946 486 1081 551 Taciti
1101 489 1307 553 summittit

332 646 511 733 exemplum
541 645 611 711 tulit
639 644 737 710 Cassii
764 644 996 729 asclepiodoti,
1034 648 1088 730 qui
1115 648 1330 731 magnitudine
1358 666 1452 732 opum
1480 651 1666 734 praecipuus

331 759 416 824 inter
435 756 602 846 Bithynos,
626 776 691 841 quo
713 754 867 841 obsequio
889 758 1053 824 florentem
1075 760 1231 825 Soranum
1253 755 1483 833 celebraverat.
1508 757 1667 826 labentem

331 892 395 937 non
417 868 573 946 deseruit,
598 875 775 954 exutusque
797 868 943 934 omnibus
963 868 1098 935 fortunia
1120 872 1198 935 etin
1219 869 1364 936 exsilium
1386 879 1489 947 actus,
1510 875 1669 957 aequitate

331 983 424 1050 deum
453 1002 529 1067 erga
557 979 640 1046 bona
666 980 808 1066 malaque
829 979 1028 1046 documenta.
1073 983 1230 1049 Thraseae
1253 984 1440 1068 Soranoque
1461 992 1494 1049 et
1514 984 1670 1055 Serviliae

308 1099 423 1161 edatur
444 1097 555 1161 mortis
576 1094 754 1159 arbitrium.
798 1091 963 1158 Helvidius
983 1102 1014 1159 et
1034 1095 1187 1160 Paconius
1208 1095 1297 1160 ltalia
1322 1093 1533 1179 depelluntur.
1577 1099 1671 1162 lion-

330 1218 421 1273 tanus
443 1206 525 1291 patri
547 1225 713 1272 concessus
735 1213 798 1280 est,
819 1204 1044 1291 praedictare
1066 1208 1099 1272 in
1120 1229 1155 1272 re
1177 1206 1303 1291 publica
1323 1209 1505 1274 haberetur.
1542 1229 1671 1275 accusa·

329 1321 453 1385 toribus
474 1319 571 1405 Eprio
593 1328 625 1384 et
640 1319 825 1385 Cossutiano
846 1318 1053 1405 quinquagies
1075 1320 1254 1384 sestertium
1275 1318 1423 1404 singulis,
1445 1322 1573 1385 Ostorio
1589 1320 1670 1386 duo-

331 1431 436 1497 decies
458 1438 490 1496 et
511 1431 692 1518 quaestoria
713 1429 847 1514 insignia
868 1427 1063 1498 tribuuntur.
1106 1430 1167 1515 (31)
1189 1440 1257 1497 tum
1278 1429 1318 1498 ad
1332 1434 1502 1498 Thraseam
1520 1435 1552 1497 in
1566 1432 1670 1498 lsortis

330 1553 475 1629 agentern
498 1544 647 1629 quaestor
667 1541 804 1607 consulis
826 1543 938 1607 missus
960 1551 1198 1625 vesperascente
1218 1545 1281 1608 iam
1304 1546 1367 1608 die.
1400 1544 1565 1610 illustrium
1583 1548 1670 1611 viro-

294 1675 400 1724 rcrum
422 1655 670 1741 feminarumque
693 1662 801 1719 coetus
823 1652 1005 1738 trequentes
1027 1662 1150 1738 egerat.
1181 1655 1319 1720 maxime
1345 1658 1484 1722 intentus
1505 1659 1669 1723 Demetrio

332 1768 466 1854 Cynicae
488 1766 689 1833 institutionis
711 1764 848 1841 doctori3
872 1786 943 1830 cum
966 1787 1048 1852 quo,
1071 1774 1108 1831 ut
1130 1765 1307 1832 coniectare
1329 1777 1398 1835 erat
1410 1768 1586 1834 intentione
1602 1769 1670 1834 rul-

330 1892 380 1947 tus
403 1889 434 1944 et
454 1878 585 1950 auditis,
607 1880 634 1942 si
656 1898 718 1964 qua
739 1876 852 1943 clarius
874 1879 1161 1963 proloquchantur‚
1184 1882 1357 1946 denatura
1379 1883 1501 1945 animae
1520 1891 1551 1946 at
1565 1880 1669 1946 disso-

399 2071 426 2120 2.
447 2071 566 2133 duilium
584 2070 622 2121 ii.
651 2093 681 2105 -
710 2067 736 2117 ³.
755 2072 864 2120 esitium
882 2070 920 2121 ii.
939 2096 974 2105 -
991 2066 1129 2134 aequitati
1146 2070 1184 2121 Μ.
1208 2096 1235 2108 -
1256 2071 1283 2120 i.
1303 2073 1348 2121 dm
1366 2086 1425 2123 eum
1444 2072 1491 2123 iia.
1508 2073 1547 2123 Μ.
1577 2099 1612 2110 -
1639 2074 1666 2123 d.

329 2154 397 2202 rep.
417 2141 453 2192 ii.
473 2163 506 2176 -
523 2141 550 2189 7.
571 2141 663 2204 seprio
680 2138 719 2190 Μ.
747 2162 779 2175 -
798 2140 930 2191 Habetis.
951 2140 968 2190 i.
988 2141 1094 2190 Ostorio
1113 2140 1151 2191 Μ.
1173 2164 1201 2177 -
1222 2140 1248 2191 8.
1268 2140 1324 2206 ad]
1344 2157 1361 2192 a
1378 2144 1416 2193 li·
1435 2169 1467 2179 -
1482 2144 1525 2193 10.
1544 2141 1668 2206 {reques-

330 2216 444 2275 teeaerat
463 2207 532 2274 (cum
552 2213 597 2261 iio.
618 2222 699 2271 super
717 2212 804 2270 eriora
823 2212 872 2261 iitt.
892 2218 917 2271 t.
938 2211 964 2261 id
983 2218 1038 2271 est,
1051 2212 1202 2275 frequenter
1219 2212 1320 2276 casroi)
1335 2214 1372 2264 ii.
1398 2238 1431 2247 -
1450 2208 1552 2263 intenti
1570 2215 1612 2267 ii.
1637 2240 1665 2252 -

331 2283 373 2332 ii.
391 2281 480 2330 vuitus
494 2280 541 2331 ii:
560 2281 647 2332 uoltus
660 2282 690 2332 tt.
711 2308 742 2319 -
763 2282 807 2332 12.
825 2290 941 2332 maturae
959 2281 998 2331 Μ.

355 2445 398 2495 33.
407 2445 493 2495 Cassii
502 2441 686 2507 asclepiodoti]
697 2444 858 2497 Nicaeensis.
869 2443 977 2495 CiaDio
1015 2457 1069 2496 eos.
1085 2446 1162 2506 primi
1176 2446 1251 2496 binos
1265 2453 1417 2509 quaestores
1431 2446 1586 2499 habueruut
1601 2454 1666 2498 teste

329 2523 379 2583 31,
398 2523 449 2572 dds
470 2517 487 2574 ὁ
505 2523 560 2588 μὲν
579 2517 885 2587 Ἀσκληπιόδοτοςούχ
898 2519 978 2587 ὅπως
1015 2523 1101 2574 Dione
1124 2524 1175 2580 te,
1194 2524 1245 2574 ter
1278 2520 1324 2587 οἷς
1340 2522 1466 2594 κρότοις
1489 2524 1543 2577 ddo
1566 2524 1667 2577 ἑκατέ-

329 2604 447 2653 mareiae
466 2598 622 2662 esurienti,
641 2596 715 2652 atta
733 2603 783 2653 uati
802 2598 977 2653 τούναντίον
1014 2608 1225 2670 perrumperetur
1249 2607 1454 2669 συνεγένοντο.
1492 2604 1545 2652 Cir.
1565 2604 1619 2661 58,
1638 2605 1663 2653 d.

327 2670 550 2746 ιἰαλοκᾰγαθίαν
569 2680 601 2731 oi
616 2678 896 2751 προσιμαριύρησι·
926 2682 976 2731 uad
1016 2682 1050 2731 itt
1065 2681 1113 2732 eis.
1128 2680 1205 2732 Grut.
1222 2682 1339 2741 4525:
1359 2681 1388 2730 P.
1403 2681 1573 2733 Pirustis
1588 2708 1618 2719 -
1634 2709 1665 2721 -

328 2756 377 2809 διὰ
387 2757 476 2810 τοῦτο
486 2751 746 2825 ιόιιμινέφυγιν,
757 2753 920 2828 ὕστερονδὲ
930 2758 975 2809 dri
1016 2759 1047 2821 Q.
1067 2758 1214 2823 (quaestor)
1243 2761 1285 2810 Ti.
1314 2760 1486 2811 CAESARIS.
1504 2762 1664 2813 si'ausrt.

327 2835 445 2899 Γάλβου
463 2834 610 2902 κατήχθη.
630 2862 659 2874 -
688 2834 824 2900 tabentem]
844 2838 977 2888 mdaruem
1017 2839 1243 2891 [1301187113.
1279 2839 1357 2892 Tales
1373 2848 1462 2892 autem
1481 2844 1532 2891 iarn
1551 2844 1604 2893 suo
1623 2843 1666 2892 Ti·

327 2914 553 2980 liemaruiloro.
565 2915 810 2980 prabeuteliyclio.
830 2916 882 2968 Sed
894 2917 976 2967 Erue·
1014 2919 1087 2970 beria
1112 2919 1242 2971 interdum
1267 2919 1439 2970 mittebantur
1456 2920 1490 2971 ad
1508 2924 1602 2973 martis
1622 2935 1665 2971 na·

328 3000 394 3047 situs
417 2995 545 3045 tabentem
566 2995 634 3045 isene
658 2995 776 3046 detenuit
804 3009 833 3047 ea
855 2998 975 3058 opposito
1014 3002 1162 3050 cessitatem
1188 3001 1250 3049 viris
1278 2998 1423 3050 illustribus
1443 2999 1663 3052 denuntiandam.

327 3074 472 3141 florentem.
509 3074 575 3125 liam
594 3075 660 3132 iios.
688 3079 733 3138 qui
757 3078 829 3136 orius
849 3076 974 3136 florebat,
1014 3079 1063 3129 Dio
1091 3077 1143 3133 53.
1171 3079 1207 3127 t:
1237 3076 1300 3129 Τῶν
1321 3076 1345 3128 d·
1366 3072 1462 3129 ἄλλων
1485 3079 1590 3131 πολλοὶ
1616 3083 1663 3130 καὶ

328 3153 425 3205 deinde
438 3153 508 3204 eadit
522 3154 560 3204 rei
572 3153 679 3203 labitur.
696 3157 875 3216 -aequitate
887 3151 974 3218 deam]
1013 3154 1177 3223 dnouement
1206 3154 1398 3227 ἐφθάρησαν,
1431 3149 1474 3207 ὦν
1498 3161 1549 3209 καὶ
1575 3156 1664 3222 Γάϊος

327 3235 490 3297 aequitatem
502 3242 578 3285 roeat
590 3234 773 3285 indifferenter
785 3234 885 3297 aliquid
896 3234 975 3294 terre,
1010 3231 1140 3300 Ῥοῦφος
1160 3237 1305 3300 Γεμίνιος.
1330 3231 1469 3300 ἀσεβείας
1487 3234 1544 3303 γὰρ
1561 3237 1595 3301 ἐς
1614 3238 1665 3289 τὸν

327 3313 393 3362 nihii
419 3313 452 3363 ad
477 3313 503 3363 id
531 3317 700 3365 commorari·
734 3312 824 3363 Gaou.
861 3313 927 3364 Nam
947 3314 974 3363 di
1014 3316 1149 3386 Τιβέριον
1171 3312 1324 3381 ἐγκληθεὶς
1341 3339 1380 3350 ·-
1403 3316 1453 3365 και
1479 3314 1586 3378 μαθὼν
1613 3317 1664 3368 τὸν

327 3392 396 3441 bona
415 3400 444 3442 et
461 3392 547 3452 maia,
574 3394 682 3444 honesta
702 3400 729 3443 et
747 3395 834 3456 turpia
858 3392 974 3443 iecinora
1014 3397 1122 3459 ιαμιαν
1148 3390 1195 3443 dat
1220 3389 1368 3444 δικαιώσει
1390 3390 1485 3444 odensi
1510 3393 1662 3463 παρόντα.

327 3471 475 3533 aequaliter
501 3472 659 3528 admittunt,
688 3472 744 3523 ilari
764 3474 872 3531 sinuut;
901 3471 973 3535 quod
1014 3468 1106 3534 αὐτός
1125 3486 1155 3522 re
1172 3468 1281 3523 daveda
1297 3466 1408 3540 ἔτρωσε
1432 3474 1483 3523 stat
1503 3471 1604 3542 ἐκεινῳ
1628 3490 1661 3525 sc

328 3553 387 3615 quis
413 3551 540 3614 negabit?
571 3552 643 3602 inest
668 3556 755 3601 umen
783 3556 874 3603 neseio
899 3555 975 3602 cuius
1015 3551 1132 3621 τραῦμα
1157 3547 1266 3614 δείξας,
1296 3547 1494 3618 Ἇιάγγιιλον,
1521 3546 1598 3617 ἔφη.
1627 3554 1661 3623 τῇ

326 3633 453 3683 maeroris
468 3635 493 3681 iu
507 3631 556 3680 hac
568 3636 699 3682 sententia
713 3632 884 3695 significatio,
905 3644 975 3695 qnae
1013 3632 1167 3698 γερουσίᾳ,
1177 3626 1225 3680 ὅτι
1238 3625 1315 3699 ἀνὴρ
1324 3626 1419 3692 οὕτως
1428 3626 1617 3696 ἀποθνήσκει.
1630 3656 1658 3668 -

327 3713 453 3762 historiae
480 3709 598 3773 dignitati
624 3723 792 3773 nequaquam
811 3711 974 3771 adversetur,
1014 3706 1155 3770 Demetrio]
1175 3707 1275 3758 Seneca
1295 3708 1327 3758 de
1346 3708 1439 3760 Denei·
1458 3708 1494 3766 7.
1514 3708 1550 3759 ⁸:
1567 3709 1661 3759 Paullo

327 3793 421 3841 utsitse
435 3802 512 3840 cause
527 3792 614 3839 timuit
628 3790 807 3841 floiimstster.
820 3790 974 3842 «Duraouili
1013 3792 1074 3839 orate
1087 3788 1247 3837 Demetrium
1263 3787 1370 3848 rettuli,
1390 3801 1467 3852 quem
1484 3789 1548 3838 mitti
1557 3790 1660 3838 uidetur

327 3873 587 3932 interpretationem
608 3870 682 3919 diesi
699 3870 827 3934 tajuutee
840 3870 884 3920 des
897 3871 977 3920 dieue
1013 3881 1103 3916 rerum
1118 3873 1245 3917 maturam
1262 3869 1360 3916 uostris
1378 3867 1469 3916 tulisse
1496 3868 1660 3930 temporibus,

327 3962 428 4012 oppasa
452 3964 489 3999 ua
515 3949 566 3998 iou
592 3950 705 4011 exempla
728 3948 746 3999 d
769 3963 807 3999 uu
832 3951 974 3999 mouoau:
1013 3952 1043 3996 ut
1069 3946 1213 3997 ostenderet
1237 3958 1285 3995 uae
1309 3945 1384 3995 illum
1400 3959 1418 3994 a
1434 3946 1510 3996 notu
1528 3950 1661 4009 eorrumpi

327 4027 445 4078 eseiudit
463 4028 615 4078 rocabuiurn
629 4029 839 4091 erqauDoeau.
869 4029 975 4091 Optime
1012 4039 1058 4075 uae
1084 4038 1133 4075 uos
1159 4024 1193 4074 ab
1217 4024 1264 4073 iiio
1288 4025 1387 4086 corripi
1407 4022 1598 4085 (sacricium
1625 4027 1658 4076 ai.

328 4107 472 4157 Gutmauus
496 4104 808 4159 eoscisaueudichttsr
820 4106 976 4158 mitiiietci·
1013 4104 1121 4167 ccrriqi)
1137 4115 1233 4168 posse:
1260 4105 1348 4152 uirum
1364 4098 1491 4164 remetire,
1510 4105 1570 4155 iicet
1587 4113 1660 4168 aera

326 4187 399 4235 mutu
421 4183 472 4246 aus
485 4190 545 4246 aute
557 4188 613 4236 aad
625 4188 683 4237 odra
697 4188 805 4237 reaten.
825 4187 975 4250 (Quomodo
1012 4186 1076 4246 ipse,
1094 4167 1243 4246 sapientide
1253 4185 1393 4248 firmaeque
1405 4185 1436 4233 iu
1453 4184 1492 4233 iis
1509 4198 1577 4249 qaae
1599 4198 1660 4247 pro

327 4274 415 4317 autem
430 4265 597 4315 iioiimetster
612 4267 851 4332 Weitausciauuuq
869 4268 912 4318 dee
926 4266 976 4316 Ta·
1011 4264 1099 4326 posuit
1127 4265 1310 4324 constantiae,
1342 4263 1503 4328 eloquentiae
1524 4276 1587 4315 cero
1606 4267 1660 4314 eisss

327 4350 404 4397 ritus.
425 4345 507 4394 Essem
520 4343 597 4393 1331.
617 4357 642 4405 ρ.
662 4348 722 4396 toti.
743 4350 910 4410 interpretari
930 4359 976 4407 oc·
1013 4354 1082 4406 quae
1098 4354 1139 4393 ιιι
1156 4341 1314 4403 {artissimas
1330 4344 1421 4394 decem
1443 4356 1498 4394 noa
1520 4346 1660 4395 ιοιιιιιιιι·

327 4430 423 4477 tuerit:
452 4423 519 4472 uaris
542 4424 588 4472 der
608 4423 789 4491 Geraritiqieit
816 4426 863 4476 der
883 4424 977 4477 Gottar
1013 4429 1055 4472 tae
1079 4434 1127 4471 uec
1153 4422 1184 4469 iss
1208 4421 1288 4471 uerba
1312 4422 1459 4478 sottieitae,
1491 4424 1535 4474 sed
1560 4425 1660 4486 maesti

327 4517 409 4571 aequm
440 4511 501 4565 quta
534 4502 590 4553 uod
622 4505 746 4556 retractu
776 4506 974 4570 Hamdiuuqea‚
1013 4503 1116 4561 auimo,
1134 4505 1216 4563 prout
1233 4501 1343 4564 impetus
1361 4503 1440 4559 tulit,
1459 4516 1501 4553 ιιι
1517 4515 1582 4553 suos
1597 4514 1659 4567 pro·

328 4583 452 4646 equidem
470 4582 541 4633 haud
572 4582 711 4645 intelligo.)
750 4609 782 4622 -
823 4583 974 4647 ιοιιιιιιιιι]
1011 4581 1149 4644 sequentis.
1196 4580 1336 4631 Huiersora
1354 4581 1463 4639 dadila,
1491 4583 1660 4647 quiaproci·

328 4663 506 4721 condonatur,
527 4674 614 4724 oeque
629 4662 780 4714 interiectus
793 4676 842 4715 uec
860 4667 886 4714 in
909 4667 976 4716 ersi·
1013 4660 1105 4709 deutia
1122 4664 1145 4709 et
1163 4659 1242 4709 talem
1259 4659 1344 4710 uitem
1361 4666 1386 4711 et
1403 4661 1482 4711 tatem
1497 4660 1605 4711 dierum
1621 4663 1661 4725 [a-

328 4745 391 4794 lium
421 4746 508 4792 aetus.
543 4767 566 4778 -
601 4755 634 4791 ue
659 4743 689 4790 iu
718 4755 746 4791 re
772 4740 896 4806 publica]
927 4745 975 4793 Αι-
1012 4741 1135 4788 cultatem
1152 4738 1271 4792 dederit,
1297 4750 1330 4788 ue
1347 4747 1396 4790 ast
1415 4739 1559 4803 ammplam
1575 4739 1660 4790 mesia

328 4825 416 4884 eicio,
445 4828 475 4871 ut
499 4820 600 4871 Romae
620 4822 727 4884 quidem
746 4834 802 4873 esse
821 4825 845 4873 ei
865 4823 974 4882 liceret,
1011 4824 1103 4867 eastra
1121 4825 1171 4868 aut
1187 4819 1334 4885 renuidem
1351 4817 1457 4870 dmeet.
1477 4817 1531 4870 Cir·
1547 4820 1596 4881 litt·
1609 4820 1659 4870 Dii:

328 4902 374 4954 sed
389 4900 481 4963 arcent
493 4900 527 4950 at
544 4901 642 4950 honore
656 4902 728 4951 omni
745 4906 772 4953 et
789 4902 901 4963 publicis
918 4915 975 4953 mu·
1012 4904 1236 4960 „depraecemur
1252 4898 1326 4957 veri.
1353 4899 1400 4948 Μ
1419 4900 1498 4950 miii·
1536 4898 1587 4959 Bit·
1605 4898 1657 4950 ⁶2³

329 4980 447 5032 neribus.
461 4979 536 5029 Ltus.
1014 4977 1174 5027 Demetrium
1198 4978 1317 5027 uirorum
1341 4979 1467 5040 optimum
1484 4991 1585 5029 meeum
1610 4979 1660 5028 eir·

363 5059 407 5110 34.
432 5064 557 5122 quaestor
575 5055 704 5120 consutis]
732 5059 798 5110 Nam
816 5059 878 5111 inde
897 5059 930 5110 ai)
949 5075 974 5111 ι.
1013 5057 1128 5119 ramlera
1160 5061 1185 5105 et
1210 5055 1309 5107 relictis
1335 5058 1505 5122 emetuiiatia
1531 5071 1590 5108 eum
1613 5056 1657 5105 iiie

329 5155 356 5191 u.
377 5139 438 5188 713.
475 5138 577 5199 appius
596 5137 720 5188 claudius
745 5138 819 5190 etc.
839 5140 977 5192 Norbanus
1012 5137 1147 5188 euuiuudo
1165 5136 1277 5200 loquor,
1305 5136 1380 5187 iilum
1397 5139 1526 5189 admiror.
1563 5136 1656 5201 Quidue·
