3682 5872
582 424 1098 573 Hmhfflffissffl
1468 441 1509 507 u

174 602 253 672 bidit
278 607 473 679 antehabeo,
507 624 611 690 neque
632 594 684 671 ‘ob
712 600 905 689 praemium,
938 603 995 667 red
1021 609 1058 667 ut
1089 621 1141 666 me
1167 597 1301 685 perfidie
1332 598 1509 678 anciram,

173 718 264 785 rimul
285 719 372 805 genii
394 719 624 784 Germanorum
645 714 778 813 idoneus
799 713 997 791 conciliator,
1031 713 1060 781 ti
1080 713 1302 801 paenitentiam
1324 734 1418 803 quam
1438 733 1513 801 per·

173 832 288 899 niciem
311 832 468 899 maluerit.
491 850 551 919 pro
572 828 699 897 iuventa
720 836 755 895 et
773 848 885 895 errore
906 826 962 897 iiiii
982 829 1108 894 veniam
1128 848 1260 916 precor:
1287 825 1381 894 filiam
1403 847 1514 895 necea·

174 948 265 1013 ritate
286 947 351 1011 buc
371 942 537 1011 adductam
557 942 671 1010 satem.
694 951 783 1009 tuum
806 944 867 1009 erit
887 941 1066 1010 consultare
1080 949 1185 1008 utrum
1199 941 1401 1029 praevaleat,
1424 943 1512 1029 quod

174 1081 213 1125 ex
240 1058 386 1126 Arminio
412 1060 558 1143 concepit
586 1077 626 1122 au
653 1054 740 1142 quod
769 1075 811 1121 ex
832 1077 884 1122 me
905 1057 1012 1141 genita
1032 1064 1113 1122 est.»
1159 1060 1275 1124 Caesar
1294 1055 1441 1123 clementi
1461 1073 1536 1122 ret

174 1193 291 1261 eponae
319 1172 429 1239 liberie
456 1169 705 1260 propinquisque
730 1167 801 1234 eiua
824 1150 1094 1248 incolumitatem,
1130 1169 1191 1258 ipsi
1218 1168 1327 1239 eedem
1350 1176 1460 1249 vetere
1478 1170 1513 1235 in

174 1287 336 1373 provincia
358 1284 535 1370 pollicetur.
565 1282 739 1350 exercitum
766 1281 913 1359 reduxit,
946 1302 1126 1369 nomenque
1155 1281 1355 1371 imperatoria
1383 1291 1513 1349 auctore

174 1379 301 1465 tiberio
324 1401 456 1487 accepit.
481 1398 632 1463 *Arminii
652 1416 737 1463 uxor
758 1394 857 1462 virilia
877 1415 973 1463 sextu
993 1397 1124 1484 eiirpem
1147 1396 1262 1464 edidit:
1284 1400 1435 1465 educatus
1452 1398 1513 1462 lta·

174 1533 294 1581 vennae
316 1532 398 1599 puer
417 1531 483 1600 qno
503 1530 580 1577 mox
601 1508 738 1577 ludibrio
758 1506 952 1577 conflictuum
974 1509 1031 1588 sit,
1058 1512 1091 1576 in
1112 1518 1254 1595 tempore
1274 1506 1469 1578 memorabo.

256 1625 320 1712 (59)
342 1628 437 1691 Fama
458 1624 557 1691 dediti
578 1622 779 1711 benigneque
800 1624 926 1707 excepti
948 1623 1085 1707 Segortia
1105 1623 1249 1710 ruiqata,
1277 1633 1314 1690 ut
1334 1626 1552 1713 quibusquam
1575 1647 1581 1719 i

174 1738 292 1807 bellum
313 1739 421 1807 inritis
442 1746 498 1805 aut
518 1734 716 1826 cupientibus
738 1744 820 1816 erat,
849 1755 905 1823 epe
927 1734 977 1801 rel
998 1738 1110 1829 dpiore
1131 1736 1295 1825 accipitur.
1339 1736 1514 1807 Arminium
1573 1722 1578 1773 ί

174 1874 268 1941 anper
295 1853 423 1920 insitam
452 1850 634 1918 violentiam
663 1859 755 1938 rapta
780 1870 883 1927 uxor,
919 1847 1080 1917 aubiectna
1109 1852 1237 1918 cerrino
1268 1855 1380 1918 uxorio
1405 1859 1514 1918 utetur

174 1969 344 2033 vecordem
366 1963 515 2051 agebant3
536 1966 750 2051 volitabatque
771 1985 831 2049 per
852 1963 1043 2042 Cheruscos,
1066 1984 1155 2033 mma
1175 1965 1404 2051 indagantem,
1426 1985 1516 2035 arma

174 2079 394 2146 inCaerarem
416 2099 560 2167 poscens.
595 2098 699 2165 neque
720 2076 846 2165 probriu
868 2078 1075 2168 temperabat
1107 2079 1269 2164 egregium
1289 2086 1427 2171 patrem,
1449 2098 1516 2147 ma·

175 2211 269 2278 quum
291 2195 536 2278 imperatum,
557 2191 673 2257 fortem
696 2192 885 2266 exercitum,
914 2211 1051 2279 quorum
1071 2199 1118 2257 tot
1138 2211 1249 2258 manua
1269 2212 1365 2260 unam
1386 2195 1552 2261 mulier-re

176 2305 275 2373 oniam
298 2306 473 2372 evexerint.
496 2302 558 2371 nihi
579 2311 642 2370 tres
656 2301 815 2389 legiones,
836 2306 967 2372 totidem
981 2304 1101 2392 legator
1114 2303 1331 2394 procubuisse.
1351 2328 1416 2374 nou
1430 2307 1515 2375 enim

176 2439 209 2484 ae
228 2418 413 2506 proditioue
433 2438 538 2505 neque
558 2415 710 2483 advertus
730 2416 865 2483 feminae
886 2416 1049 2505 gravidas,
1082 2421 1139 2485 aed
1164 2419 1267 2504 poium
1293 2418 1445 2488 adrentus
1466 2441 1517 2487 ar·

1588 1738 1662 1839 rabis
1673 1758 1754 1805 hauet

176 2539 275 2599 matos
297 2530 417 2599 beilum
440 2540 584 2645 truatur.
613 2530 700 2595 cerni
722 2533 825 2635 adnuo
847 2534 1075 2601 Germanorum
1096 2533 1129 2599 in
1150 2530 1229 2600 lucie
1252 2535 1341 2620 signa
1361 2536 1514 2613 Romana,

90 2664 96 2679 ·
177 2664 255 2732 quac
285 2645 335 2711 dis
362 2644 473 2731 patriis
500 2641 710 2731 suspenderit.
749 2644 870 2711 coleret
894 2646 1039 2729 Segestes
1069 2647 1184 2713 rictam
1211 2646 1332 2735 ripam,
1368 2650 1517 2719 redderet

226 2876 253 2925 2.
267 2875 421 2939 permittent
437 2875 501 2936 (ric)
517 2873 556 2926 ii.
579 2897 610 2910 -
631 2873 657 2924 3.
674 2885 790 2938 praecor
806 2872 865 2949 (pap
883 2872 1082 2941 compendium)
1100 2874 1141 2929 11.
1162 2901 1191 2915 -
1212 2875 1239 2928 t.
1252 2875 1457 2933 incolomitatem
1473 2874 1513 2931 ii.

179 2971 209 2984 -
225 2952 316 2998 uteru
334 2945 420 3003 ciere,
440 2958 493 2997 non
510 2958 606 3005 ocerc,
626 2950 657 2994 ut
674 2953 797 2999 narrant.
816 2944 855 2998 M.
883 2946 1003 2998 currerit
1021 2948 1138 3009 Lipriur·
1157 2945 1212 2999 Cir.
1231 2947 1292 2999 Lib.
1312 2946 1339 3009 ³,
1356 2948 1403 3000 rt.
1441 2948 1515 3014 Seri·

178 3016 226 3067 teat
243 3018 370 3080 proponit
385 3023 496 3076 actua,
515 3023 542 3069 et
560 3027 653 3079 parum
666 3015 840 3076 probabiliter
857 3017 1002 3082 (quomodo
1014 3021 1086 3071 enim
1099 3031 1130 3071 er
1141 3016 1194 3071 irco
1205 3017 1302 3070 tactam
1314 3026 1385 3072 erret
1395 3017 1516 3086 veterat)

179 3092 322 3148 traduat
341 3099 433 3141 omnct
451 3090 522 3141 anim
539 3090 648 3139 annino
667 3088 815 3148 provincier
831 3086 968 3140 Romanu·
984 3093 1230 3152 tmiptoroortrnr,
1251 3090 1278 3140 id
1296 3097 1349 3153 eat,
1368 3090 1515 3153 Romanae,

179 3169 268 3213 rotare
287 3163 403 3226 pwat.
423 3183 452 3199 -
471 3156 499 3211 it.
519 3171 648 3213 νοιιισοι
663 3157 703 3211 ii.
723 3181 756 3197 -
774 3154 819 3211 1³.
837 3160 990 3213 remordero
1005 3160 1046 3213 u.
1066 3184 1101 3195 -
1118 3172 1237 3217 emmor
1252 3160 1292 3217 it.

100 3395 103 3399 ,
177 3348 284 3417 mae]
303 3351 825 3416 uttiotttinqputatraparaturamatra,
862 3349 935 3402 soto
954 3351 1118 3404 Ttomaiteoa
1131 3351 1163 3403 ira
1184 3351 1380 3422 pieiebaeitiqert
1398 3352 1517 3407 badaia-

178 3444 245 3497 quae
265 3434 369 3486 Romae
393 3444 530 3485 remanere
552 3430 692 3487 debuerit,
724 3444 758 3484 ne
775 3434 827 3483 ior·
861 3444 907 3482 reo
924 3433 1128 3498 occbqeacieaeo.
1165 3432 1229 3484 Iena
1247 3432 1327 3486 1814.
1345 3433 1391 3486 ici.
1412 3462 1443 3475 -
1473 3436 1516 3489 Da

178 3519 243 3565 tatic
256 3513 440 3567 eratimutaret
451 3515 479 3564 in
491 3512 623 3564 Romanoa
638 3512 686 3562 iiiii
697 3514 824 3562 animum.
863 3518 955 3573 rtapro
971 3511 1168 3564 adoieacentuio
1190 3514 1262 3565 iiiato
1282 3517 1397 3580 cogitare
1410 3517 1517 3571 ridetur

177 3592 438 3646 mremauaotur
451 3595 634 3655 pcrteaetiam
644 3591 826 3644 Marobodum
863 3593 956 3643 Laden
986 3591 1132 3644 Gracitcite
1152 3592 1174 3643 i.
1199 3605 1225 3656 p.
1246 3592 1329 3658 083„
1360 3610 1414 3665 quo
1435 3608 1516 3649 renau
1636 3634 1639 3641 .

177 3675 209 3734 1,
228 3674 293 3736 iiii,
312 3675 360 3725 ubi
376 3680 490 3738 uterque
508 3684 524 3723 a
543 3672 682 3723 ciarriariie
703 3670 778 3737 tacite
797 3673 826 3722 in
863 3673 958 3737 atique
979 3678 1124 3735 usurpatur
1150 3674 1283 3724 interdum
1307 3688 1333 3726 r.
1359 3675 1514 3727 iodibricea.

178 3753 257 3807 libera
281 3753 405 3806 comedia
425 3754 535 3804 retineri
560 3757 672 3815 potarat.
691 3776 724 3787 -
749 3747 824 3814 moa]
863 3751 931 3804 Vide
949 3751 1061 3803 Forceii.
1081 3751 1321 3815 etAnu.1³,i'i=
1340 3754 1449 3806 itioaorn
1464 3757 1517 3807 trae

179 3841 284 3897 prateae
311 3844 373 3885 nam
394 3832 428 3884 ad
448 3833 653 3885 adoiereentiam
674 3833 826 3893 perreniaae
860 3830 1156 3895 pueritiaeiiritooraici
1166 3831 1302 3886 timonem.
1322 3835 1378 3900 Ego
1391 3836 1515 3889 hariolari

177 3914 288 3966 ridetur.
313 3911 584 3972 Cir.Aaa.ii,1ii.
605 3936 636 3948 -
666 3905 826 3973 memorabo]
864 3910 936 3963 noio.

177 3995 203 4045 ia
219 3993 294 4047 iibrir
312 3992 459 4056 deperditia
480 3994 650 4047 memorarit:
678 4001 749 4041 nunc
769 3995 826 4041 eiua
897 3990 942 4042 titi.
960 3987 1268 4056 quinoque-incitidut
1281 3992 1409 4047 Herodot.
1422 3995 1450 4058 8,
1464 3997 1513 4050 io:

177 4071 285 4125 utere
312 4074 442 4124 memoria
464 4074 582 4130 interiitr
611 4071 713 4121 ineerta
742 4070 825 4129 eninr,
863 4064 965 4123 ὅσοισι
986 4069 1019 4123 di
1039 4071 1088 4122 nai
1116 4065 1290 4140 ἡδομένοισι
1312 4066 1351 4142 ἢν
1371 4074 1406 4128 τὸ
1427 4076 1516 4145 γινό-

178 4156 225 4204 etri
238 4156 444 4219 ingeniorum
459 4151 611 4216 Gceitiinqii
630 4151 757 4212 euspicio,
774 4150 827 4215 gia·
862 4163 963 4215 μενοι.
998 4149 1120 4215 Tbueyd.
1152 4151 1184 4213 2,
1210 4150 1247 4201 82
1278 4151 1319 4220 aqi
1346 4151 1452 4223 atiq'bae
1476 4150 1516 4209 oo·

178 4233 296 4287 diaturae
323 4247 386 4285 eum
408 4233 568 4285 dardanium
593 4244 670 4291 erre,
703 4232 769 4290 etri,
798 4235 827 4280 ut
862 4226 1049 4296 βουλόμενον
1065 4223 1112 4298 ἢν.
1148 4230 1206 4283 Lir.
1218 4231 1271 4295 21,
1290 4233 1343 4285 ωε
1361 4235 1517 4301 quibusdam

176 4320 249 4365 aetat
263 4327 297 4366 ea
314 4313 481 4365 Suetcaea
500 4312 544 4363 ti.
560 4310 670 4364 etPiut.
684 4307 759 4360 Gaea.
780 4308 825 4359 82.
862 4309 1009 4360 coimiibata
1023 4322 1110 4361 occca
1129 4323 1172 4360 rea
1192 4309 1258 4373 tore.
1302 4312 1366 4365 Tac.
1391 4315 1461 4369 litat.
1487 4316 1515 4378 8,

176 4392 319 4447 &vennae
332 4393 422 4446 iudana
435 4392 619 4458 gladiatorium
631 4389 826 4443 aedificandum
863 4387 917 4440 ida
937 4391 1030 4440 ertertr
1046 4402 1183 4442 remanere
1198 4390 1347 4444 coimtibar
1364 4392 1426 4457 soit.
1451 4396 1514 4461 igr.

177 4481 314 4529 erraverat
338 4473 455 4533 Caeam
487 4471 663 4522 ibameiieom
677 4475 767 4522 autem
786 4482 826 4520 ar·
865 4468 917 4520 ita
937 4468 1031 4534 quibua
1049 4468 1144 4521 beticm
1159 4471 1305 4524 ocioattboa
1323 4479 1390 4526 erni.
1411 4502 1442 4517 -
1460 4489 1516 4528 raon

175 4559 288 4609 iriurtrr
303 4568 363 4607 aeae
378 4567 477 4606 noman
490 4565 544 4604 non
555 4551 761 4605 tiermrnicum.
778 4550 826 4602 aed
864 4549 934 4600 eatae
949 4563 976 4600 re
992 4547 1154 4615 ριοᾶιιίοιιι]
1179 4552 1229 4603 ilie
1247 4565 1279 4605 ea
1295 4554 1404 4608 miniari
1423 4558 1516 4619 opina·

175 4648 258 4700 prere
276 4636 393 4688 inritum
414 4646 430 4685 a
451 4633 597 4694 Romanis,
625 4631 748 4684 rideiieet
770 4628 828 4681 Θυ·
864 4635 907 4680 tur
925 4627 1018 4681 tuden
1037 4626 1186 4682 Geeeiiicitte
1202 4632 1226 4682 i.
1246 4646 1274 4697 p.
1292 4634 1373 4697 dds..
1393 4636 1515 4700 quaeda

173 4713 314 4785 μελικόν.
353 4713 426 4778 quod
459 4719 548 4766 umen
582 4711 710 4783 χοριοτῇ
741 4712 827 4770 aetion
864 4708 935 4761 Varo
952 4709 987 4761 ab
1005 4709 1125 4762 Arminio
1143 4710 1257 4775 decepto
1275 4715 1515 4769 tradunti'eiiaiut

176 4810 255 4860 quan
264 4797 406 4862 qiadirtcri
419 4793 519 4852 tuturo,
532 4790 691 4845 etstneeai
705 4788 827 4843 eatOoo·
864 4801 896 4841 re
908 4788 978 4850 bio,
998 4802 1051 4842 nea
1067 4793 1133 4842 ratir
1150 4799 1280 4854 reputant
1297 4795 1369 4846 aiiud
1381 4806 1440 4847 eaae
1453 4810 1515 4860 pro·

173 4875 305 4942 μιλιοός.
336 4875 463 4935 (Monam
486 4871 658 4925 borrtbiienr.
678 4884 759 4935 quam
775 4869 827 4922 eibi
864 4871 1011 4930 ditionem,
1030 4871 1101 4922 atiud
1116 4870 1206 4923 tioium
1219 4873 1359 4936 beiiicum,
1372 4875 1400 4925 in
1414 4879 1515 4937 patrita

176 4960 305 5009 eonacirtt
317 4956 447 5021 qiadtator
459 4956 553 5016 utique
573 4950 762 5011 Germaniam,
781 4950 828 5003 de·
864 4962 1034 5014 oppreaaoraa
1045 4963 1108 5004 rane
1119 4951 1230 5004 iicitum.
1248 4952 1352 5012 notor,
1371 4957 1515 5022 matrina,

175 5036 378 5088 ambitSeaeea
387 5029 641 5097 uptrt.7o.)cir.c.
654 5030 700 5088 W.
711 5031 829 5096 Gottiing
865 5031 924 5095 qoia
939 5031 969 5080 to
987 5029 1060 5080 botta
1077 5031 1219 5096 requirat?
1238 5053 1271 5068 -
1302 5032 1344 5083 dia
1356 5032 1467 5100 patrita]
1486 5038 1516 5101 2,

178 5115 346 5172 macida,
373 5113 510 5167 amm
530 5110 672 5169 amotio.
702 5111 760 5166 aad
785 5111 829 5163 ite
865 5111 919 5163 ior
947 5108 1093 5174 perorato
1109 5108 1270 5163 &ermom
1293 5111 1365 5166 deca.
1397 5114 1468 5172 iiiii.
1486 5118 1516 5182 i,
