3700 5880
343 439 407 509 ⁴¹0
745 447 935 517 CORNELII
955 449 1313 516 tacuissemus

431 601 493 689 (52)
514 606 555 671 At
567 607 724 694 Byzantiis
739 609 810 671 data
828 606 952 673 dicendi
971 610 1080 691 copia,
1103 628 1174 674 cum
1189 609 1437 695 magnitudinem
1450 629 1584 676 onerum
1597 613 1687 697 apud

346 726 488 784 senatum
511 719 774 804 deprecarentur,
798 728 907 785 cuncta
927 724 1123 804 repetivere,
1147 723 1212 788 orsi
1226 744 1245 788 a
1259 721 1389 789 loedere
1410 726 1496 809 quod
1517 726 1686 791 uobiscum

344 827 479 905 inerant,
513 851 574 916 qua
602 838 785 917 tempestate
812 831 997 899 bellavimus
1018 838 1168 901 adsersus
1189 857 1296 921 regem
1317 835 1541 913 Macedonum,
1575 839 1625 902 cui
1649 844 1687 901 ut

346 943 495 1027 degeneri
517 944 779 1031 Pseudophilippi
799 946 988 1013 vocabulum
1010 947 1191 1033 inpositum.
1228 950 1339 1015 missas
1368 952 1498 1036 posthac
1520 949 1627 1037 copiae
1650 950 1685 1014 in

323 1055 534 1122 ‘Antiochum
555 1059 672 1125 Persen
693 1060 924 1137 Aristonicum,
948 1068 982 1126 ot
1002 1061 1134 1147 piratico
1155 1064 1240 1128 balio
1262 1065 1404 1129 adiutum
1425 1065 1594 1129 Antonium
1617 1082 1686 1129 me-

345 1170 526 1245 morabant,
559 1191 704 1257 quaeque
734 1172 839 1238 Sullae
870 1180 925 1239 aut
953 1173 1085 1241 Lucullo
1114 1183 1169 1241 aut
1197 1177 1347 1262 Pompeio
1373 1173 1575 1249 obtulissent,
1605 1196 1684 1241 mox

344 1283 486 1347 recentia
507 1284 540 1346 in
562 1284 711 1350 Caesares
732 1288 862 1362 merita,
890 1290 1018 1372 quando
1040 1308 1078 1353 ea
1100 1290 1169 1353 loca
1191 1288 1366 1355 insiderent
1388 1310 1468 1376 quae
1490 1298 1684 1355 transmean-

344 1394 428 1460 tibus
456 1401 539 1461 terra
571 1397 713 1484 marique
742 1397 876 1466 ducibus
904 1398 1177 1488 eremiiibusque,
1213 1401 1307 1467 simol
1334 1400 1479 1467 vehendo
1506 1411 1683 1467 commeatu

343 1516 524 1596 opportuna
538 1508 652 1577 sorsat.
697 1509 757 1597 (63)
781 1534 917 1598 namque
932 1516 1089 1579 artissimo
1110 1513 1192 1579 iuter
1205 1517 1365 1598 Europam
1388 1514 1555 1601 Asiamque
1577 1513 1684 1580 diror-

305 1621 388 1688 tttio
410 1623 591 1712 Byzantium
613 1628 645 1690 in
667 1634 808 1691 extrema
829 1630 957 1713 Europa
979 1647 1116 1711 posuere
1139 1628 1267 1702 Graeci,
1290 1628 1405 1713 quibus
1428 1629 1573 1713 Pythium
1587 1626 1684 1711 Apol·

344 1738 438 1802 linem
460 1736 697 1807 consulentibus
717 1736 773 1804 ubi
793 1743 968 1805 conderent
988 1742 1117 1816 urbem,
1140 1738 1298 1805 redditum
1320 1738 1479 1804 oraculum
1495 1749 1561 1816 est,
1584 1761 1680 1825 quae·

343 1860 453 1915 rorent
473 1848 581 1916 sedem
603 1871 768 1917 caecorum
792 1853 884 1918 terris
905 1856 1083 1919 adversam.
1107 1873 1144 1917 ea
1159 1851 1290 1938 ambage
1312 1852 1515 1919 Chalcedonii
1529 1861 1682 1918 menstra-

343 1961 478 2040 bantur,
512 1962 596 2049 qnod
626 1964 749 2050 priores
776 1964 850 2030 illuc
878 1965 1022 2043 advecti,
1056 1968 1200 2050 praevisa
1223 1969 1366 2033 locorum
1388 1948 1539 2041 utilitate,
1574 1966 1683 2048 peiora

343 2075 504 2162 legissent.
522 2078 646 2165 ¹quippe
667 2077 849 2163 Byzantium
872 2077 967 2145 fertili
989 2079 1077 2154 solo,
1102 2077 1238 2146 secundo
1261 2078 1359 2154 mari,
1381 2081 1457 2165 quia
1478 2078 1525 2143 ris
1546 2079 1679 2161 piscium

304 2189 500 2265 temnens,
535 2192 671 2257 Pontum
702 2211 872 2276 erumpens
901 2199 934 2257 et
963 2190 1100 2277 obliquis
1132 2195 1241 2258 subter
1273 2195 1374 2258 undas
1406 2194 1491 2258 sexis
1522 2192 1682 2267 exterrita,

415 2384 440 2433 1.
459 2381 497 2433 od
514 2395 554 2445 pr.
574 2383 612 2435 M.
644 2409 673 2423 ·-
704 2383 753 2433 iis.
773 2384 810 2434 M.
829 2408 862 2419 -
881 2384 992 2434 diceudo
1011 2397 1051 2447 pr.
1069 2385 1109 2436 Μ.
1131 2407 1161 2421 ·-
1180 2383 1306 2435 bonerum
1325 2395 1365 2445 pr.
1383 2383 1423 2433 M.
1449 2407 1478 2420 -
1498 2381 1525 2431 2.
1544 2378 1682 2446 deficeres·

343 2456 388 2502 tar
404 2452 444 2503 Μ.
474 2479 504 2490 -
535 2454 561 2503 5.
580 2455 696 2505 tremunt
714 2454 752 2505 Μ.
774 2454 950 2506 Emendatum
970 2460 998 2507 in
1018 2456 1094 2507 Bodi.
1115 2456 1165 2506 les.
1197 2480 1228 2490 -
1260 2457 1386 2514 tempesta
1403 2452 1440 2502 Μ.
1465 2476 1498 2490 -
1528 2451 1556 2502 ti.
1576 2453 1682 2515 pseudo·

343 2524 428 2589 filippi
447 2523 484 2575 Μ.
516 2549 548 2562 ·-
581 2527 636 2586 terp.
655 2526 699 2576 M:
725 2527 789 2588 imp.
810 2526 841 2577 B.
871 2550 903 2562 -
930 2528 958 2578 5.
977 2526 1186 2590 memorabam:
1212 2539 1278 2588 puae
1296 2524 1333 2574 Μ.
1367 2549 1396 2560 -
1428 2522 1456 2573 8.
1478 2529 1622 2574 commeatu
1636 2523 1680 2571 Me

344 2595 500 2649 commeatus·
517 2594 547 2645 B.
566 2620 600 2630 -
617 2595 643 2646 9.
664 2594 752 2646 ilabet
769 2597 905 2647 artissimo
924 2597 969 2654 Μ,
990 2611 1043 2648 non
1061 2600 1210 2647 arctissimo
1228 2594 1316 2647 Gueii.
1337 2594 1440 2645 Puteoi.
1461 2619 1494 2629 -
1514 2596 1557 2645 to.
1578 2593 1627 2642 bie.
1644 2591 1679 2643 Μ.

344 2689 376 2705 -
396 2671 516 2715 extremo
533 2679 647 2729 europae
664 2667 708 2724 M,
736 2675 853 2716 ectremo
872 2669 995 2729 Europae
1013 2670 1074 2730 Agr.
1095 2667 1165 2729 Spir.
1187 2666 1317 2717 Waither.
1346 2691 1375 2702 -
1397 2666 1513 2725 pittinara
1530 2664 1567 2714 Μ.
1589 2687 1620 2698 -
1639 2663 1681 2713 12.

344 2749 500 2799 praecorum
525 2737 564 2786 Μ.
585 2736 704 2787 Correxit
726 2736 879 2788 liirenaous.
914 2763 940 2774 -
973 2738 1016 2789 tt.
1039 2739 1184 2788 bisontium
1201 2738 1239 2789 Μ.
1273 2762 1300 2774 -
1336 2737 1379 2786 15.
1405 2736 1543 2793 inmenso,
1573 2733 1681 2782 Persium

344 2806 458 2859 Baebius
480 2814 507 2858 et
524 2807 702 2860 Doederlein:
720 2810 750 2858 irs
767 2815 836 2858 meto
855 2806 932 2870 (haec
950 2811 976 2859 iu
994 2822 1082 2860 sersus
1095 2806 1158 2872 tine)
1169 2802 1254 2871 porsiri
1267 2807 1309 2868 M,
1327 2808 1466 2857 innumero
1477 2808 1564 2857 Ponto
1577 2811 1681 2855 auctore

344 2877 433 2942 lipsio
451 2878 489 2941 li,
508 2879 649 2930 insumere
667 2878 782 2929 Portum
800 2879 936 2942 Wsitirer,
955 2882 1082 2931 immensu
1099 2882 1184 2931 Ponto
1202 2879 1297 2929 Bitter.

378 3050 422 3104 ea.
449 3050 586 3117 depmert]
606 3053 764 3109 Andriscus,
790 3055 899 3105 suimus
916 3055 997 3104 sertis
1034 3053 1078 3104 siti
1107 3053 1241 3113 Milesios,
1283 3050 1327 3100 siit
1357 3049 1604 3106 heredeemboios.
1639 3047 1680 3096 aiii

343 3132 420 3182 tomo
445 3133 504 3185 hir.
534 3134 606 3194 Bptt.
634 3133 698 3191 tii..
734 3136 876 3185 simulatus
904 3134 995 3184 Persei
1034 3134 1211 3185 Athenienses
1230 3131 1310 3181 tuisse
1329 3131 1445 3182 tradunt.
1494 3128 1549 3179 Cir.
1568 3129 1601 3178 A.
1622 3126 1682 3176 Bait

344 3211 431 3271 iliius,
456 3225 482 3268 a.
500 3226 528 3263 u.
547 3212 609 3263 bos.
630 3226 740 3278 regnum
758 3215 934 3266 Macedoniae
953 3227 996 3264 cc·
1034 3215 1068 3264 de
1097 3217 1197 3277 origine
1216 3213 1351 3275 Byzantii,
1383 3209 1564 3260 vratisiariee.
1584 3223 1611 3271 p.
1638 3207 1680 3255 22.

344 3295 465 3353 cuparii,
485 3294 532 3343 sed
552 3296 604 3344 iam
622 3305 648 3342 a.
661 3303 818 3356 sequentes
832 3293 866 3357 Q.
880 3294 996 3345 Caecilio
1035 3294 1122 3345 Bran.
1145 3319 1174 3331 -
1204 3292 1280 3354 Quae
1299 3294 1477 3341 narrationum
1496 3291 1608 3340 serietas
1627 3299 1682 3348 par·

344 3371 453 3423 Metello
472 3379 592 3435 praetore
610 3377 694 3425 rietus
714 3380 741 3426 et
759 3383 851 3437 captus
870 3381 918 3426 est.
939 3376 997 3425 Pio·
1035 3379 1081 3423 tter
1109 3374 1142 3424 ad
1168 3373 1277 3423 aciones
1301 3373 1380 3421 sartis
1404 3371 1567 3430 temporibus
1587 3368 1683 3431 Byzan·

344 3451 439 3508 ιιιι2.
460 3451 503 3501 et.
531 3477 562 3488 -
586 3450 707 3516 posthoc]
726 3456 805 3518 lunge
824 3467 883 3505 eum
902 3470 926 3506 r.
945 3466 997 3503 me·
1035 3457 1099 3503 tium
1120 3453 1269 3510 deductos,
1301 3452 1395 3512 partim
1420 3452 1453 3499 sd
1478 3449 1625 3498 incolarum
1643 3459 1683 3498 ιι-

345 3530 508 3591 armabunt,
532 3544 566 3582 ne
586 3535 611 3583 in
631 3541 778 3596 temporum
797 3534 917 3585 ordinem
937 3545 997 3595 pec·
1035 3536 1143 3584 nitatem
1174 3532 1314 3583 referende
1347 3531 1462 3581 ridetur.
1504 3527 1559 3579 Cir.
1589 3525 1683 3576 lisani-

346 3623 419 3660 easse
446 3611 567 3662 rideatur
592 3616 722 3675 scriptor,
754 3616 829 3676 quasi
857 3628 920 3666 rero
940 3614 997 3662 Ab·
1035 3614 1164 3665 liocbette
1183 3613 1253 3662 illst.
1270 3612 1330 3661 erit.
1349 3611 1380 3661 de
1398 3607 1496 3659 i'e'tobi.
1515 3609 1560 3657 des
1578 3606 1682 3670 cotye.

346 3690 447 3741 driscus
467 3695 653 3754 praecessisset
670 3692 829 3744 Antiochum
848 3694 996 3744 etPerseu.
1036 3694 1085 3743 iii.
1106 3707 1132 3756 p.
1152 3692 1213 3741 297.
1243 3691 1371 3741 Conditor
1388 3697 1476 3739 autem
1496 3687 1683 3751 mythologtcus

346 3771 406 3823 Orsi
422 3777 485 3825 suot
503 3772 863 3832 oratoresdetoedereiiio,
884 3777 996 3824 marimo
1035 3776 1125 3838 Byzas.
1152 3771 1292 3822 Claudiae.
1312 3774 1338 3820 in
1358 3770 1482 3828 liutei,
1498 3769 1541 3817 85.
1557 3791 1589 3803 -
1608 3766 1684 3828 Apot-

345 3865 394 3903 suo
413 3853 440 3901 in
454 3852 585 3905 Romanos
603 3857 713 3910 merito:
734 3854 831 3904 deinde
847 3854 880 3904 de
893 3854 997 3904 eurtiiis
1035 3850 1128 3916 is'rtem]
1158 3853 1275 3903 Eandem
1304 3852 1439 3902 historiam
1459 3853 1567 3901 narrant
1586 3844 1682 3897 llerod.

346 3933 474 3995 praebitis
493 3937 574 3984 rerba
593 3933 721 3985 iecerunt.
753 3959 782 3971 -
807 3931 996 3998 Aristonicum]
1035 3934 1066 3990 ι,
1087 3930 1147 3983 tit.
1178 3929 1233 3996 (iric
1260 3931 1348 3992 pauiio
1372 3927 1469 3990 sister.)
1498 3926 1593 3978 Strabo
1611 3927 1638 3976 7.
1657 3938 1683 3986 p.

345 4025 370 4063 a.
390 4026 417 4062 u.
437 4012 499 4062 522.
519 4015 608 4065 Αιιιιιι
628 4026 711 4075 paene
730 4026 835 4064 omnem
856 4014 916 4073 hie,
945 4014 997 4064 Bu·
1035 4013 1096 4064 320.
1118 4037 1150 4049 -
1180 4007 1322 4074 morviso]
1340 4016 1401 4060 ante
1419 4009 1526 4071 quidem
1547 4011 1620 4065 risa,
1639 4004 1684 4055 sed

345 4093 529 4145 mentstiitum
548 4107 576 4143 se
596 4094 703 4151 terens,
732 4097 891 4154 occuparit,
923 4093 995 4144 att.
1034 4093 1254 4147 subintellecta:
1286 4089 1475 4153 septemdecim
1501 4094 1590 4138 autem
1609 4086 1684 4136 anuis

344 4171 479 4235 Perperna
497 4172 644 4225 debellatus
661 4187 686 4223 a.
705 4173 767 4224 525.
787 4173 844 4223 Lis.
865 4175 934 4235 Bptt.
951 4173 996 4224 59.
1036 4173 1170 4225 conditam
1188 4185 1202 4221 a
1225 4167 1425 4233 Megarensibus
1440 4167 1606 4218 Chalcedona
1622 4172 1683 4215 ante

345 4274 378 4295 -κ
410 4249 566 4315 Antonium]
607 4254 690 4304 tilium
728 4257 857 4313 oratoris,
896 4260 996 4315 patrem
1035 4256 1188 4318 Byzantium
1204 4252 1283 4301 tradit
1297 4249 1457 4301 lierodotus.
1486 4246 1538 4297 Atti
1557 4246 1685 4308 erpiicent

344 4333 493 4390 triumviri,
522 4336 563 4382 eut
582 4344 607 4381 a.
627 4347 653 4382 u.
675 4333 736 4383 otu.
757 4337 898 4397 imperium
918 4337 996 4384 meri·
1034 4334 1215 4396 praeservire,
1247 4330 1318 4392 quod
1346 4329 1455 4381 uerbum
1480 4325 1550 4388 apud
1579 4325 1682 4375 Latium

345 4417 437 4464 timum
453 4412 579 4463 adsersus
598 4413 743 4474 praedones
762 4415 886 4467 latissime
905 4425 996 4477 petens
1035 4414 1152 4463 nondum
1181 4418 1316 4472 repertum
1342 4416 1395 4464 ιιι,
1426 4407 1473 4457 sed
1502 4405 1603 4455 nulium
1623 4407 1684 4454 item

345 4493 550 4549 demandatum
574 4493 678 4554 quoad
699 4494 997 4545 serendossociosab·
1036 4493 1184 4553 exemplum
1211 4505 1235 4541 r.
1259 4488 1415 4553 praesidere
1438 4491 1477 4537 sie
1501 4487 1621 4546 usurpati
1646 4498 1685 4533 er·

346 4586 426 4633 usus,
446 4575 531 4623 rietus
550 4585 565 4623 a
584 4570 754 4624 Cretensibus
773 4581 893 4625 mortuus
912 4582 952 4625 est
970 4586 995 4623 e.
1035 4580 1100 4629 stata
1128 4585 1187 4622 nam
1210 4570 1302 4620 ilorat.
1328 4569 1383 4619 Sat.
1410 4569 1444 4625 1,
1464 4566 1499 4621 9.
1520 4565 1571 4615 25ι
1602 4564 1684 4626 perui·

345 4652 407 4707 683.
439 4651 506 4703 Veli.
525 4652 558 4709 2,
577 4653 622 4703 ³1.
652 4652 723 4703 Κατ’
741 4655 892 4721 εἰρωνείαν
912 4653 997 4703 dietus
1034 4655 1116 4710 deos,
1143 4665 1195 4701 non
1212 4648 1387 4712 praesideas.
1406 4659 1468 4697 uera
1487 4652 1526 4695 eet
1545 4644 1634 4694 lectio.
1656 4666 1684 4677 -

345 4732 681 4789 estCretieus.Piutarcb.
702 4732 802 4782 Antan.
822 4735 893 4782 1.-
913 4746 998 4783 recen·
1035 4733 1147 4782 Pontum
1175 4725 1328 4792 erumpens]
1364 4727 1457 4779 eadem
1488 4727 1682 4774 constructione

345 4817 412 4864 tiss-
430 4839 441 4851 ·
463 4810 572 4878 merito]
605 4812 672 4864 bello
700 4812 812 4862 'lirraaio
841 4813 874 4873 5,
898 4812 943 4862 er.
972 4819 999 4862 et
1036 4816 1153 4867 rariore,
1174 4824 1225 4872 oua
1245 4810 1318 4871 virg.
1338 4803 1536 4863 Aen.1,5so=
1555 4814 1686 4865 erumpere

345 4895 499 4956 Bosporano
512 4896 667 4950 ι2.15.-
688 4889 843 4955 eommeutu]
863 4905 909 4955 pro
929 4905 998 4942 eom·
1034 4891 1137 4941 erstem·
1175 4890 1233 4940 Vei.
1255 4890 1341 4939 Pisce.
1361 4885 1396 4943 5,
1416 4884 1486 4935 tud:
1515 4882 1686 4944 stabulumque

344 4976 460 5032 meatui,
480 4974 556 5034 utd,
576 4974 628 5025 sor
650 4973 717 5023 lucu
736 4978 787 5023 cet.
1034 4972 1147 5032 erumpit
1173 4970 1271 5027 loson:
1304 4969 1401 5031 vulgari
1430 4964 1527 5015 salust.
1547 4963 1591 5012 Fr.
1615 4958 1684 5020 apud

381 5054 424 5104 es.
454 5050 566 5119 Graeci]
597 5068 663 5118 quos
680 5053 724 5103 aiii
747 5054 889 5113 scriptores
907 5052 997 5114 Megu-
1036 5049 1124 5100 Schoi.
1150 5048 1206 5099 lur.
1232 5047 1267 5106 d,
1296 5049 1351 5097 ι2ι
1388 5059 1444 5108 pao
1469 5047 1624 5104 tempestate
1648 5039 1686 5087 uis

346 5145 454 5193 resset,
488 5133 532 5184 aiii
559 5133 684 5198 Argivos,
720 5132 765 5184 aiii
793 5131 996 5193 Chalcedonius,
1031 5131 1146 5193 piscium
1156 5129 1240 5178 Porto
1253 5129 1376 5191 erumpit.
1393 5116 1685 5187 -obiiquieieiitcre
