3642 5882
599 487 718 554 LIBER
738 485 822 556 itit.
865 482 942 572 Cap.
965 487 998 552 3.
1021 482 1054 552 ta.
1443 480 1507 554 ert

171 644 350 715 venientem
373 645 486 716 debinc
506 643 619 715 σλιιίιιι
640 646 672 713 in
693 646 786 713 litora
821 644 903 731 (nam
923 646 1017 712 itntia
1038 641 1237 725 adventabat)
1267 643 1392 729 excepit
1413 663 1507 711 mann

172 770 205 828 et
225 759 414 850 complexu,
445 761 591 849 ducitque
612 762 736 830 Baulos.
772 760 805 825 id
827 758 919 825 uittae
941 779 1057 825 nomeu
1080 767 1128 825 eat
1149 779 1230 844 quae
1251 759 1507 843 promontorium

170 875 326 942 Mmenuna
346 874 430 942 inter
450 882 483 941 et
500 877 652 941 Baianum
673 872 776 940 lacum
797 875 882 939 tiara
905 871 984 938 mari
1012 870 1150 939 attuitur.
1187 869 1288 938 atabat
1317 871 1401 939 iuter
1429 872 1507 937 atiaa

170 987 260 1055 naria
281 987 440 1067 ornatior,
472 995 632 1073 tamquam
654 986 687 1052 id
708 1006 836 1074 qnoque
856 985 973 1052 bonori
994 984 1102 1051 matria
1130 983 1274 1052 daretur:
1298 984 1414 1073 qnippe
1435 1003 1507 1052 auo

169 1109 263 1167 rerat
282 1101 404 1168 triremi
424 1109 456 1168 et
476 1100 707 1169 chartariorum
729 1097 863 1185 remigio
892 1097 977 1164 uehi.
1008 1118 1050 1167 ac
1078 1106 1145 1165 turn
1174 1098 1304 1166 inritata
1329 1100 1369 1163 ad
1396 1097 1528 1185 eputaaa

170 1222 260 1292 erat,
282 1222 319 1282 ut
339 1214 525 1281 occultando
546 1212 678 1281 facinori
699 1232 763 1280 uox
777 1208 993 1280 adhiberetur.
1015 1211 1091 1279 antia
1104 1211 1249 1278 constitit
1261 1210 1418 1278 exatitiaae
1432 1231 1507 1298 pro·

169 1325 323 1404 ditarem,
345 1336 379 1394 et
392 1327 595 1415 Agrippinam
609 1325 724 1393 auditis
737 1326 879 1404 inaidiia,
901 1347 943 1392 an
957 1324 1101 1393 crederet
1113 1326 1308 1412 ambiguam,
1333 1324 1506 1411 geaternine

169 1439 266 1507 aeliae
293 1444 386 1507 Baiae
417 1448 607 1528 porrectam.
641 1438 687 1506 ibi
719 1437 965 1509 blandimentum
998 1437 1172 1508 aubieravit
1198 1445 1338 1506 raretum:
1374 1439 1507 1505 comiter

169 1563 301 1642 excepta
318 1574 478 1642 nuperque
498 1552 601 1640 iprum
623 1552 783 1625 collocata.
804 1573 879 1619 narn
898 1554 1044 1640 pluribus
1064 1551 1283 1630 sermonibus,
1304 1553 1401 1619 modo
1415 1550 1507 1619 iami-

168 1664 302 1733 liaritate
322 1665 452 1733 iuuenili
472 1670 558 1733 Nero
580 1673 613 1732 et
633 1687 743 1732 ruraua
763 1664 932 1741 adductae,
954 1665 1045 1754 quari
1066 1667 1149 1733 aeria
1171 1665 1382 1740 conaociaret,
1405 1672 1542 1735 namot·

168 1779 202 1846 ie
222 1781 352 1868 tongum
373 1778 538 1857 convicta,
560 1778 762 1870 prosequitur
782 1777 968 1859 abeuntem,
994 1781 1093 1847 artiua
1115 1778 1214 1847 ocutia
1236 1786 1268 1846 et
1288 1779 1411 1867 pectori
1432 1782 1507 1847 bae

235 1983 264 2034 1.
283 1981 366 2033 tttorc
383 1981 428 2033 id:
458 1981 551 2035 littora
570 1981 601 2035 B.
629 2006 662 2019 -
688 1977 806 2047 euenit]
833 1983 955 2044 accepte
972 1982 1016 2041 id,
1046 1982 1143 2046 ancipit
1165 1995 1225 2033 eam
1246 1981 1392 2035 Puteolano
1411 1980 1443 2035 ii,
1471 2003 1507 2016 -

168 2052 195 2104 2.
212 2053 427 2114 promuntorium
456 2052 493 2103 m.
524 2074 554 2089 -
585 2052 612 2104 3.
644 2051 775 2102 attonitam
798 2051 836 2103 tt.
865 2051 1090 2103 correcturarum
1115 2053 1249 2106 intincti.
1271 2051 1505 2106 intimidi&-

167 2121 196 2173 t.
215 2128 290 2189 tuac.
308 2122 337 2173 ii
351 2123 382 2174 b·
404 2148 433 2162 -
451 2124 535 2175 murat
553 2123 591 2174 ii.
612 2119 730 2174 Correxit
746 2122 864 2184 Lipataa.
893 2145 925 2162 -
954 2124 981 2177 d·
1000 2126 1118 2180 eottttaae
1135 2124 1175 2180 it.
1196 2149 1227 2164 -
1244 2123 1272 2177 d·
1291 2119 1394 2192 batua]
1413 2120 1507 2179 orator

167 2192 207 2246 m.
228 2192 346 2247 correrii
364 2193 534 2248 Puteoianua.
555 2216 586 2231 -
601 2199 672 2247 uecta
690 2194 729 2247 ii.
744 2193 813 2259 spir.

167 2387 258 2427 recena
275 2379 351 2427 nator
368 2382 496 2441 corrupto
509 2376 736 2428 Boeotioiioatoa
747 2374 818 2427 Naa-
855 2376 992 2442 iiiaere'pat
1015 2379 1180 2445 atiquantum
1202 2381 1294 2434 Dionia
1320 2386 1436 2434 narratio
1454 2378 1501 2441 dt,

168 2462 268 2519 eaput,
288 2455 391 2507 occuito
414 2457 529 2507 aomtnia
547 2456 655 2508 iudicio.
692 2456 731 2507 ie
756 2456 817 2506 dioc
856 2460 905 2512 tia
924 2454 1029 2534 adp'p‘m
1045 2461 1076 2514 di
1088 2459 1119 2526 e<
1131 2459 1186 2527 τὴν
1194 2461 1373 2528 Καμπανίαν
1388 2456 1505 2530 ἀπάρας

168 2535 206 2586 od
220 2548 341 2600 proceres
358 2536 746 2601 dominoesortunccucarrit,
769 2536 817 2588 Fc-
854 2541 905 2591 xci
925 2537 1106 2611 παραλαβών
1129 2538 1184 2609 νην
1205 2543 1335 2615 μητέρα.
1364 2535 1504 2593 ἔπλευσεν

166 2629 211 2665 aaa
229 2615 281 2666 toct
298 2615 422 2666 obaeuroa
439 2621 620 2678 repeteretur
632 2616 718 2666 beroe.
737 2615 817 2667 tione
853 2616 897 2670 in·
908 2615 1003 2685 αὐτῆς
1019 2618 1133 2686 ἐκιλνης
1151 2618 1203 2686 τῆς
1222 2617 1294 2683 vro<
1310 2617 1505 2689 λαμῖιρόιαια

166 2694 306 2746 eetedraait
336 2708 415 2759 opum
441 2695 506 2761 {etin
530 2694 689 2747 Hortensius
716 2695 815 2751 nutum.
853 2700 1098 2765 κεκοσμημένης,
1119 2692 1159 2764 ὡς
1177 2700 1227 2749 καλ
1249 2695 1408 2763 ἐπιθυμίαν
1426 2692 1504 2766 airy}

168 2774 268 2827 contra
285 2775 439 2840 Arpinatem
456 2777 503 2839 pai
520 2777 591 2829 atetit
608 2776 719 2841 etoquia.
739 2776 815 2827 Lura·
853 2775 992 2843 ἐμβαλεῖν
1010 2771 1058 2831 ciet
1074 2792 1145 2830 uoce
1163 2776 1199 2852 τῇ
1214 2778 1264 2844 νηὶ
1276 2775 1414 2849 χρῆσθαι.
1445 2770 1504 2827 Ἔλ-

167 2855 305 2919 detiauiae
332 2857 435 2920 atiquot
461 2856 538 2907 butue
563 2856 639 2908 atilae
665 2859 816 2908 etiamnunc
853 2852 915 2907 θῶν
934 2871 964 2909 aa
987 2857 1029 2921 εἰς
1049 2850 1321 2922 Βαύλσυς,,διῑννσί
1340 2870 1369 2909 re
1385 2853 1504 2907 notura·

167 2942 271 2988 enatant
296 2938 324 2987 in
350 2941 440 2987 monte
464 2938 534 2988 inter
550 2936 632 2988 Porto
649 2937 678 2986 dt
694 2936 767 2988 Bata
790 2942 817 2989 et
853 2934 978 2987 iteam
995 2934 1043 2988 iri
1060 2933 1170 2997 πολλὰς
1189 2929 1302 3009 ἡμέρας
1317 2932 1439 3000 ἐποίησε
1452 2933 1503 2986 aaut

165 3016 243 3068 Here
267 3020 372 3074 morto,
412 3020 440 3066 et
463 3028 478 3067 a
504 3015 589 3068 doctia
613 3018 748 3068 nominata
776 3024 816 3067 eat
854 3011 908 3080 τὴν
930 3016 1047 3086 μητέρα
1069 3013 1102 3067 ἐν
1125 3009 1230 3079 αὐτοῖς
1250 3011 1442 3084 φιλοφρόνως
1464 3014 1503 3065 et·

165 3096 302 3147 Paaettarc
320 3095 480 3147 d'ortemio.
499 3120 535 3132 -
562 3093 697 3145 autunum
714 3093 814 3161 tecam]
853 3093 957 3145 σιίασι
979 3093 1041 3147 κτλ.
1087 3094 1183 3156 videa,
1211 3096 1328 3148 direraoa
1349 3099 1401 3144 tota
1421 3094 1456 3143 de
1473 3106 1502 3147 re

166 3179 212 3240 qui
240 3175 404 3241 traqneattua
431 3175 580 3239 appeitatur
607 3176 756 3235 Lucrinua,
786 3184 827 3228 ut‘
854 3186 973 3225 rumorea
1005 3180 1068 3225 turae
1103 3174 1213 3225 Romam
1248 3187 1305 3227 eaae
1335 3174 1437 3225 atiatoa.
1470 3196 1500 3211 ·-

166 3261 206 3308 eat
233 3255 299 3308 intra
326 3255 358 3306 c.
385 3257 412 3308 d.
454 3255 564 3307 Sciitcet
590 3257 691 3308 uariare
719 3269 815 3307 nomen
852 3259 962 3318 accepia
979 3277 991 3290 ·
1007 3279 1020 3293 ·
1036 3251 1177 3319 eoitoccto]
1194 3253 1502 3317 itinuaractaiaecrv.

165 3335 248 3388 votuit
264 3335 383 3389 iacitur.
404 3359 438 3371 -
455 3335 525 3402 itero
543 3331 631 3399 meat]
652 3335 718 3387 viiia
736 3339 816 3400 igitur
854 3347 901 3397 pro
927 3333 1046 3384 abtaiirta
1070 3333 1165 3385 babuit
1189 3334 1329 3392 Waittaerc
1361 3332 1502 3385 manticato

165 3415 406 3479 baeeatiquantum
419 3414 586 3477 prominebat
599 3416 625 3465 in
638 3427 727 3473 mare,
741 3416 814 3477 quod
852 3419 915 3464 auat
932 3415 1095 3466 nominativi.
1118 3439 1147 3453 -
1170 3413 1414 3478 encaeniorum]
1435 3413 1504 3477 Ergo

165 3494 814 3562 proptereatiectetetur,reflectebatur,aetatem
852 3496 874 3544 ia
893 3494 966 3545 iocua
994 3495 1020 3544 tn
1047 3495 1169 3546 coartato
1195 3493 1350 3554 bonerum,
1379 3495 1504 3557 qnotirna

166 3578 244 3626 eitum
262 3575 671 3638 imprimiaamabanttiomani,
692 3580 814 3639 quocirca
853 3573 906 3624 duo
939 3573 1137 3626 accumberent.
1185 3574 1282 3626 Contra
1309 3573 1343 3635 ³,
1371 3574 1414 3626 tt·
1449 3580 1505 3624 troa

166 3660 298 3708 ertroraaa
316 3655 515 3706 commonebant
535 3654 636 3710 tttoru.
661 3667 761 3717 parum
777 3655 816 3706 to-
853 3653 1045 3705 diaeubuerunt
1061 3655 1220 3718 nediuaaua
1239 3658 1308 3707 inter
1327 3667 1373 3707 eoa
1392 3652 1502 3704 Germa·

164 3735 275 3798 caeptam
291 3757 302 3771 ·
320 3736 467 3785 contiaeaut
484 3736 547 3797 ripe
564 3730 667 3797 (iiorat.
685 3733 813 3795 c.a,aa,
853 3738 936 3785 nicua.
965 3735 1042 3786 Lura.
1078 3734 1170 3787 Piurea
1197 3747 1261 3786 aare
1288 3737 1397 3797 inaupar
1427 3737 1503 3785 erant

164 3811 220 3877 ii.)
256 3812 308 3865 iia
327 3814 527 3878 intetiiguntde
545 3816 622 3874 ainu,
644 3826 722 3878 quern
741 3826 814 3867 mare
852 3817 997 3874 conatrae,
1017 3821 1044 3865 et
1062 3808 1296 3878 duo‘iiprtppmaa
1315 3813 1455 3864 tantitarea
1474 3817 1502 3863 at

165 3893 226 3945 iitua
255 3893 421 3957 aiicuanturn
449 3895 548 3943 intrans
572 3892 608 3943 ibi
632 3894 762 3945 etiecertt.
781 3917 815 3930 -
851 3895 896 3945 aiii
914 3893 1044 3953 Neronia,
1065 3902 1094 3945 ut
1112 3893 1182 3946 Otito
1199 3894 1285 3959 (Suet
1306 3893 1369 3945 oti.
1388 3894 1424 3944 ii:
1445 3905 1504 3941 aaa·

165 3969 379 4037 σλσιιλσνλααιαι]
410 3985 463 4024 non
491 3973 629 4027 eoittorum
664 3975 813 4037 remigum,
850 3974 925 4023 atam
941 3981 1098 4026 secretorum
1112 3974 1263 4036 particeps,
1283 3973 1341 4029 dte,
1366 3986 1442 4038 quem
1457 3986 1502 4023 aa·

165 4055 211 4116 qni
231 4051 388 4115 pierumque
406 4058 481 4105 erant
493 4057 571 4104 aeret.
609 4050 747 4103 thartortt
760 4051 813 4103 dati
850 4053 952 4105 caradoc
968 4053 1051 4104 morri
1069 4052 1267 4114 dentitionem,
1284 4052 1323 4103 ad
1340 4052 1503 4105 evertendae

164 4132 258 4183 honori
278 4132 430 4195 principaiia
449 4131 572 4184 iemtnae.
591 4156 624 4168 ·-
649 4131 744 4193 dctus]
770 4132 815 4183 Sic
851 4133 1009 4195 aumteionea
1031 4146 1140 4183 coaeum
1160 4135 1266 4198 maique
1283 4134 1502 4196 mautmrtmoe

163 4210 341 4271 Puteolanam,
361 4211 463 4262 Bautae
480 4211 562 4271 tica,
582 4224 634 4262 non
647 4219 729 4264 recte·
747 4212 813 4264 Nam
852 4213 985 4262 comitutta
1003 4210 1101 4274 decide
1129 4213 1176 4265 aed
1195 4214 1222 4263 in
1240 4212 1328 4264 medio
1347 4213 1433 4269 tecto,
1452 4213 1500 4262 ubi

164 4292 261 4352 Baiae,
281 4303 333 4341 non
347 4291 443 4343 iiauioa
462 4299 569 4344 evocata
588 4298 644 4343 erat
656 4291 811 4357 Agrippina.
851 4292 915 4343 aiiaa
932 4299 985 4345 trae
1002 4291 1122 4343 rotabant
1141 4292 1283 4353 eoiioeari,
1314 4300 1377 4345 iane
1396 4305 1502 4342 aecum·

163 4370 259 4435 itaqua
272 4369 351 4423 dotto
364 4371 506 4423 Liburnica
524 4378 598 4424 recta
612 4371 707 4424 Bauioa
723 4377 812 4431 venter
851 4371 950 4423 iebant
980 4372 1162 4425 tantummodo
1188 4372 1334 4437 Agrippina
1361 4377 1388 4423 at
1418 4370 1499 4422 itero.

165 4450 202 4502 ibi
219 4451 354 4503 aiterone
370 4454 398 4502 in
411 4451 487 4502 tiiore
500 4450 578 4503 obvio
593 4458 700 4516 eacapta
714 4454 741 4504 in
754 4465 813 4505 earu
852 4451 906 4503 Cir.
925 4464 968 4504 me
986 4453 1022 4503 ad
1041 4452 1133 4505 itcrat.
1153 4451 1209 4505 Sat.
1229 4453 1263 4515 9,
1281 4451 1308 4504 8.
1328 4454 1355 4503 in
1369 4452 1499 4503 iiaeurru.

163 4530 251 4582 riiiarn
271 4529 350 4582 dueta
368 4537 417 4582 est.
454 4530 574 4594 Cumque
592 4532 656 4584 inde
674 4532 752 4585 itaiaa
768 4539 814 4585 aut
851 4558 884 4570 -
918 4531 1062 4595 adductae]
1093 4534 1164 4585 aerio
1196 4531 1271 4585 ruitu
1297 4544 1329 4585 ac
1357 4540 1499 4585 aermoaet

163 4616 234 4663 terra
253 4615 300 4661 aut
318 4612 383 4662 mari
404 4609 547 4673 protecturi
566 4618 672 4668 creent,
691 4612 815 4677 Agrippi·
851 4612 1003 4675 metaphora
1027 4612 1105 4663 ducta
1129 4612 1163 4663 ab
1181 4614 1277 4675 aquia,
1307 4611 1353 4664 abi
1379 4609 1501 4660 addentia

164 4703 198 4741 na
226 4690 328 4742 incidite
354 4693 460 4743 interim
478 4691 575 4743 auditia
593 4690 657 4743 reita
675 4695 814 4754 pervenire
851 4692 932 4744 trenta
955 4691 1236 4756 resurrection,
1262 4691 1289 4742 i.
1319 4690 1388 4741 iitat.
1408 4689 1441 4746 8,
1471 4689 1498 4740 7.

163 4769 274 4824 maiuit.
289 4783 369 4835 quam
382 4770 531 4823 rciaicuturn
546 4770 654 4834 atiquod
668 4774 814 4835 uariatum·
851 4772 927 4824 Suet.
945 4772 1006 4824 Tib.
1025 4772 1075 4825 ⁶82
1094 4773 1209 4823 adducto
1227 4770 1282 4833 fere
1298 4769 1374 4819 natta
1384 4769 1501 4831 pteram·

161 4863 195 4904 ra
216 4863 231 4903 a
250 4850 355 4902 Nerone
381 4850 498 4902 obiatum
523 4862 663 4913 naurpare.
700 4850 814 4902 Tutiaai·
851 4866 901 4917 qua
917 4855 1025 4904 taetrae.
1038 4877 1073 4888 -
1091 4848 1194 4914 cretea]
1215 4849 1283 4901 nitra
1300 4848 1407 4899 modum
1421 4860 1501 4900 aerae

163 4943 236 4981 naum
254 4931 326 4983 enim
344 4931 424 4983 aeiiaa
441 4936 576 4994 gestamen
591 4930 631 4983 rei
644 4928 721 4988 ideo,
741 4933 812 4995 quod
851 4932 1007 4986 adactionia.
1044 4931 1121 4985 Suet.
1139 4930 1173 4981 N.
1186 4928 1237 4980 tte
1257 4932 1335 4991 αισιιν
1352 4929 1382 4977 ta
1399 4926 1501 4992 diprea·

162 5025 225 5064 auoa
243 5013 302 5074 ipae
320 5011 354 5061 ad
373 5010 423 5060 boc
436 5010 547 5061 tamuioa
559 5008 685 5063 adbibere
700 5017 812 5070 potarat.
850 5026 883 5063 eu
899 5012 1016 5075 poptitca
1041 5022 1143 5075 qaoque
1168 5006 1344 5059 eeoaeatntaa.
1382 5006 1431 5059 itio
1452 5006 1498 5068 ei,

162 5090 282 5143 Tandem
309 5090 407 5143 Bautae
440 5103 594 5151 rereraura,
627 5089 815 5142 biandimentta
851 5091 904 5142 ruz
923 5084 1179 5164 περιλαμβάνοντα
1194 5080 1290 5153 αὐτὴν
1306 5086 1358 5138 καλ
1375 5082 1498 5159 apdcad

161 5173 231 5225 ricta
243 5182 339 5226 aaran
356 5170 477 5223 taiiaeem
491 5169 654 5225 conacendit.
673 5168 811 5223 Preuraa.
850 5171 974 5244 στέρνον
995 5162 1194 5243 προσαγαγών
1217 5167 1270 5221 καλ
1294 5161 1425 5239 φιλήσας
1443 5168 1497 5222 ani
