3612 5880
355 486 416 553 1dt
720 540 726 549 .
751 484 941 551 CORNELII
962 487 1096 553 TACITI
1116 490 1322 555 ANNALIUM

354 653 385 712 et
419 648 518 712 hasta.
554 647 669 713 Caesar
707 644 826 711 addidit
868 645 996 712 cineam
1026 668 1202 724 coronam,
1239 645 1325 736 quod
1360 668 1424 714 nou
1459 669 1530 717 eam
1564 673 1685 741 quoque

350 763 508 848 Apronius
549 762 618 827 inre
654 761 853 845 proconsulis
892 759 1072 836 tribuisset,
1110 769 1239 850 questos
1271 762 1371 848 magis
1409 784 1503 850 quam
1539 762 1681 835 odessus.

349 872 407 940 sed
427 873 606 940 Tacfarinas
626 873 778 963 perculsis
796 871 939 940 Numidis
961 883 993 941 et
1013 871 1135 941 obsidia
1156 875 1396 960 aspernantibus
1417 879 1536 964 spargit
1556 876 1681 958 bellom,

348 984 403 1053 ubi
435 989 623 1065 instaretur,
658 991 787 1065 cedens,
820 1009 858 1054 ac
887 1008 1013 1054 rursum
1046 990 1079 1054 in
1107 997 1195 1073 terga
1220 1009 1374 1057 remeans.
1395 997 1427 1055 et
1448 988 1523 1055 dum
1545 1012 1582 1059 ea
1605 994 1681 1060 ratio

325 1103 484 1168 ebarharo
510 1100 588 1181 fuit,
621 1100 750 1168 inritum
777 1099 960 1191 fessumque
986 1106 1161 1168 Romanum
1183 1101 1314 1187 impune
1335 1102 1571 1171 ludificabatur:
1603 1116 1683 1194 post·

346 1237 439 1302 quam
473 1214 601 1283 deflexit
632 1213 672 1282 ad
705 1214 878 1281 maritimos
909 1214 1015 1293 locos,
1051 1216 1196 1299 inligatus
1217 1220 1334 1300 praeda
1357 1216 1479 1284 stativis
1500 1221 1611 1285 castris
1632 1223 1683 1285 ad·

345 1328 511 1405 haerebat,
545 1329 643 1397 misso
675 1329 773 1418 putris
805 1330 962 1416 Apronius
995 1330 1166 1396 Caesianus
1200 1350 1271 1395 cum
1304 1331 1410 1416 equite
1442 1340 1474 1398 et
1504 1331 1682 1399 cohortibus

344 1444 532 1522 auxiliariis,
568 1444 638 1530 quis
668 1442 884 1509 velocissimos
915 1442 1075 1529 legionum
1100 1442 1277 1520 addiderat,
1312 1464 1496 1529 prosperam
1519 1450 1681 1513 adversum

344 1559 494 1627 Numidas
517 1579 653 1646 pugnam
674 1559 768 1634 lucit,
791 1556 942 1644 pellitque
963 1559 997 1622 in
1019 1559 1152 1625 deserta.

305 1694 335 1734 se
430 1672 490 1758 (Μ)
512 1676 554 1738 at
584 1676 704 1738 Romae
732 1670 865 1757 Lepida,
898 1671 950 1737 oui
982 1691 1078 1757 super
1110 1673 1315 1738 Aemiliorum
1347 1672 1443 1739 decos
1477 1675 1511 1738 L.
1537 1672 1621 1739 Sulla
1652 1683 1683 1738 et

345 1787 402 1852 Cn.
425 1789 595 1874 Pompeius
615 1784 729 1875 proavi
751 1794 857 1860 erant,
891 1782 1035 1850 defertur
1062 1783 1258 1852 simulavisse
1283 1794 1406 1869 partum
1429 1808 1470 1851 ex
1490 1788 1525 1851 P.
1551 1788 1680 1864 Quirino

344 1901 441 1968 divite
474 1910 568 1989 atque
601 1899 693 1968 orbo.
728 1895 943 1966 adiciebantur
973 1895 1145 1977 adulteria,
1185 1920 1322 1975 venena,
1359 1901 1597 1985 quaesitumque
1627 1920 1682 1985 per

344 2014 517 2083 Chaldaeos
550 2014 584 2080 in
617 2017 747 2081 domum
779 2010 933 2085 Caesaris,
970 2009 1160 2079 defendente
1190 2033 1278 2078 ream
1307 2016 1412 2080 llsuio
1434 2012 1555 2100 Lepido
1576 2015 1679 2079 fratre.

342 2131 493 2209 Quirinus
525 2136 598 2217 post
621 2129 739 2195 dictum
766 2124 934 2214 repudium
968 2124 1070 2191 adbuc
1091 2127 1244 2204 infensos,
1277 2126 1420 2214 quamvis
1440 2129 1548 2193 infami
1570 2147 1607 2192 ac
1627 2146 1681 2192 no-

409 2314 437 2364 b.
456 2318 581 2378 asamar
598 2311 637 2363 Μ.
656 2335 689 2347 -
709 2310 736 2362 5.
756 2310 809 2360 tar.
829 2308 873 2360 lle
892 2310 943 2359 s’rr.
965 2307 997 2358 ll.
1017 2333 1050 2344 -
1068 2306 1215 2360 tl.r'al‚blr
1232 2308 1316 2359 tlt-ll.
1333 2308 1680 2375 -adhersbatlbtdltaua

341 2391 412 2438 recte
431 2385 495 2444 altl,
524 2387 603 2436 etlam
627 2381 765 2439 Waltber,
786 2380 951 2443 dtsttnguunt
975 2379 1132 2429 adhaerebat
1149 2381 1230 2429 mtsau
1249 2377 1313 2443 eet.)
1333 2401 1364 2415 ·-
1382 2382 1409 2431 7.
1430 2384 1573 2444 asprandus
1591 2381 1630 2431 Μ.
1650 2405 1681 2416 -
1785 2430 1789 2439 ,

340 2457 384 2507 lt).
404 2456 550 2507 eruitionem
568 2454 607 2505 Μ.
637 2479 665 2492 -
695 2453 726 2502 l.
757 2451 803 2503 ld:
832 2452 928 2501 Laetae
955 2448 984 2499 B.
1012 2475 1045 2485 -
1074 2450 1161 2500 llabet
1183 2456 1208 2500 et
1229 2450 1267 2501 ll·
1296 2453 1365 2501 Ante
1394 2452 1541 2503 Bellorum
1568 2451 1681 2502 edebant

339 2540 381 2577 ac.
398 2552 427 2564 -
441 2528 485 2577 tl.
497 2523 556 2588 Cn]
567 2526 595 2575 c.
604 2523 637 2574 N.
649 2523 687 2580 Μ.
697 2521 802 2573 Gnaeus
812 2521 844 2572 ll.
856 2548 886 2559 -
900 2521 930 2571 P.
939 2520 983 2571 bl:
997 2520 1089 2570 Publio
1100 2520 1130 2569 B.
1143 2545 1173 2556 -
1184 2521 1297 2583 Qatrtao
1308 2528 1334 2571 et
1343 2535 1401 2572 mor
1413 2522 1541 2585 Quirinos
1550 2523 1678 2588 ltyeltur:

340 2598 461 2661 Qotriato
473 2623 484 2635 ·
496 2622 508 2633 ·
521 2596 659 2660 Qatrs'rrtoa
671 2593 731 2645 ΜΒ.
749 2617 780 2631 -
793 2594 837 2643 12.
851 2592 1040 2643 educebantur
1051 2591 1089 2645 Μ.
1108 2617 1134 2629 -
1154 2592 1196 2641 1³.
1210 2592 1296 2642 llabet
1305 2592 1397 2643 Manto
1408 2595 1530 2646 omnibus
1539 2594 1633 2646 lltterta
1643 2593 1679 2644 ll·

338 2765 491 2816 tlsslma.-
505 2763 638 2827 Apronius
650 2761 707 2811 tare
718 2753 894 2823 proconsulis]
914 2758 990 2810 Suet.
1029 2755 1145 2821 carleno)
1171 2758 1200 2807 r'a
1229 2758 1331 2821 proelia
1356 2759 1514 2823 interfecto,
1544 2759 1682 2827 Pompeiae

337 2844 397 2895 Oct.
411 2845 456 2896 25.
476 2844 537 2894 le.
550 2843 603 2894 ³2:
624 2840 759 2903 Corripuit
777 2840 929 2890 consolarer
948 2851 991 2887 ec·
1029 2852 1086 2888 cam
1113 2837 1205 2887 Fausti
1238 2837 1326 2889 tiberis
1351 2839 1450 2889 caesar
1475 2838 1681 2890 tacolams’totear

336 2925 459 2976 aeittbcs
481 2923 665 2988 praepositos,
692 2920 763 2985 qaod
787 2920 818 2968 de
843 2918 990 2969 tribuendis
1027 2930 1129 2983 auoque
1156 2920 1246 2967 omnic
1276 2921 1411 2970 coacessit.
1459 2919 1496 2971 llr
1526 2919 1626 2970 Fausta
1655 2924 1681 2970 et

337 3007 495 3069 quibasdam
521 3002 684 3054 militaribus
711 3000 789 3050 doale
812 2998 849 3048 ad
866 3012 893 3049 ae
910 2997 991 3061 reser-
1027 2998 1154 3059 Pompeia
1174 3003 1234 3048 usta
1251 2997 1372 3051 cernens
1390 2998 1424 3062 Q.
1444 2999 1556 3052 lemlllo
1579 2999 1682 3061 Lepido

336 3093 413 3147 root,
444 3086 523 3152 puori
549 3096 605 3134 aaa
639 3082 757 3132 omnium
790 3076 990 3128 tribuendorum
1028 3081 1136 3140 nupsit,
1167 3091 1197 3130 es
1225 3078 1321 3140 qulbus
1346 3087 1403 3131 orta
1428 3079 1541 3133 Aemilia
1568 3081 1679 3143 Leplda,

334 3169 388 3231 s'par‘
404 3169 445 3217 tua
462 3165 595 3216 baberent.
626 3187 655 3199 -
688 3160 791 3225 sperata
809 3154 919 3221 bellum]
951 3158 990 3208 dt-
1027 3160 1058 3210 L.
1079 3158 1167 3210 Sullae
1186 3165 1213 3211 et
1230 3159 1351 3223 Pompelt
1372 3163 1584 3223 prenestina-
1603 3174 1681 3226 quas

336 3251 418 3300 rents
437 3245 562 3298 lactaret
581 3244 665 3295 dtrtso
685 3245 801 3292 eserettu
816 3237 856 3290 vel
871 3238 989 3301 regendo
1025 3237 1165 3303 ritumque]
1194 3239 1271 3302 Quod
1290 3240 1432 3305 astrologos
1452 3244 1574 3293 luasleset
1593 3242 1681 3304 inqut·

336 3331 418 3393 gerlt;
453 3326 532 3377 modo
559 3323 626 3378 buc,
658 3321 737 3372 modo
764 3320 825 3370 tilae
854 3318 987 3372 translert.
1027 3333 1085 3373 rere
1113 3321 1140 3370 tn
1168 3319 1220 3371 lata
1251 3320 1372 3372 Caesaris
1403 3328 1429 3374 et
1456 3325 1680 3386 proptaquerum.

336 3408 382 3459 Est
407 3406 462 3458 lere
489 3407 633 3468 poeticum·
664 3402 756 3452 lturm.
783 3400 816 3451 ad
840 3400 940 3451 Lucan.
961 3397 987 3459 ll,
1027 3398 1131 3451 Dassa.
1152 3424 1185 3436 -
1213 3414 1262 3464 per
1281 3397 1441 3464 Chaldaeos]
1470 3402 1541 3466 quod
1574 3414 1681 3464 semper

335 3487 385 3538 aa:
405 3486 530 3551 Bellaque
548 3482 668 3534 Sardoos
687 3483 768 3530 etiam
779 3488 944 3545 epnrpnntur
960 3480 989 3528 trs
1027 3479 1148 3541 capttale.
1187 3480 1235 3530 Cat
1258 3486 1348 3532 aateas
1371 3494 1436 3545 apua
1460 3487 1498 3532 eat
1514 3481 1682 3544 pareraaare'

333 3568 419 3619 urbes.
440 3572 467 3619 et
484 3565 516 3616 ad
536 3562 595 3614 Vel.
614 3561 653 3612 ΡΙ.
673 3560 705 3618 5.
722 3558 785 3610 488.
817 3584 846 3597 -
880 3561 990 3609 territum
1025 3572 1103 3622 super
1121 3559 1243 3610 Cauaras
1268 3561 1372 3624 salute,
1398 3563 1451 3612 aiat
1472 3576 1491 3612 a
1508 3574 1560 3625 auo
1579 3561 1683 3628 attqatd

334 3643 487 3713 serumque]
512 3644 572 3696 Non
591 3648 632 3693 eat
649 3636 682 3693 ἓν
699 3639 749 3692 διὰ
766 3640 867 3703 doctr,
885 3645 916 3691 ut
933 3639 990 3691 vult
1025 3638 1152 3690 adversar
1170 3640 1247 3691 tllorn
1263 3643 1397 3705 capitatur
1414 3642 1457 3692 ost
1474 3646 1602 3706 optatur,
1635 3645 1682 3692 ast

336 3729 470 3788 llotbtus,
502 3725 601 3776 nturtus
619 3734 682 3773 saue
701 3720 782 3772 butus
802 3722 900 3784 figurae
917 3733 988 3771 ama·
1023 3726 1085 3781 post
1110 3719 1186 3771 ittam
1211 3725 1335 3784 speratur
1361 3727 1386 3772 et
1412 3723 1581 3774 sasttmturt
1623 3720 1684 3772 Nos

335 3801 989 3871 torcsedqntallomenorumaggresstonessem·
1025 3801 1094 3850 ear'm
1120 3813 1151 3851 ea
1176 3806 1262 3851 meare
1286 3801 1319 3850 ds
1346 3803 1417 3853 curia
1435 3802 1600 3865 remetitur,
1628 3814 1684 3866 aaa

336 3903 385 3954 per
402 3883 712 3942 taaraereddebsnsur,
731 3881 793 3933 tdeo
813 3878 989 3944 tatlgabautur
1025 3879 1058 3931 de
1074 3880 1198 3931 damiata
1226 3879 1339 3932 Tertull.
1357 3880 1437 3946 anet.
1456 3882 1500 3934 db.
1519 3882 1599 3935 Lara.
1631 3881 1682 3934 ΜΙ·

334 3983 366 4023 ar
395 3970 453 4021 talla
481 3967 542 4019 bellt
569 3965 630 4016 lasst
653 3961 763 4013 flebant.
781 3956 986 4025 -,tnts'patar]
1025 3963 1125 4011 artatur
1150 3972 1256 4012 erucem
1279 3960 1388 4014 Paullus
1414 3962 1446 4013 Ι..
1464 3964 1491 4014 b.
1517 3962 1597 4016 sent,
1628 3960 1682 4012 Ttt

336 4050 497 4114 tmnsdans,
518 4059 599 4098 onere
613 4044 746 4094 detentus.
764 4040 873 4091 Dassa.
890 4066 919 4078 -
940 4040 988 4091 ad·
1025 4040 1069 4091 Μ.
1089 4042 1185 4102 rama,
1210 4042 1256 4106 pot
1274 4041 1306 4093 de
1323 4041 1426 4092 domtat
1441 4042 1527 4094 adata
1545 4041 1684 4094 conadae

335 4126 476 4192 hamelet]
503 4128 553 4179 boe
581 4122 763 4188 supertectum
782 4133 868 4185 aeque
889 4120 988 4183 pendet
1024 4121 1081 4171 rtet
1098 4121 1304 4173 matbematicor-
1325 4147 1354 4159 -
1373 4122 1421 4173 Μ’.
1441 4118 1550 4185 Leptdn]
1572 4120 1683 4175 sonante

335 4225 351 4263 a
372 4219 440 4275 part.
457 4213 600 4273 postauam
618 4212 698 4268 atque
712 4201 858 4265 perlectum
871 4201 986 4268 deflerit,
1024 4213 1049 4251 a.
1062 4199 1125 4252 763.
1147 4200 1201 4251 Cir.
1211 4200 1283 4252 lah.
1296 4200 1413 4253 Narbon.
1429 4200 1505 4254 Grut.
1520 4215 1547 4266 p·
1563 4202 1631 4255 22⁰.
1652 4226 1680 4238 -

335 4306 397 4344 nam
412 4298 476 4341 tanc
488 4291 593 4349 losum,
609 4297 668 4336 cum
682 4281 863 4341 adhaerebat,
884 4287 911 4333 et
929 4280 987 4331 dtu·
1025 4279 1135 4345 dutum]
1157 4280 1322 4344 trequeutlua
1340 4290 1471 4345 usurpant
1486 4284 1594 4334 asttters
1606 4295 1684 4346 repa·
1777 4334 1778 4341 ,

336 4370 535 4434 ausonidum,
563 4366 654 4430 pulsus
673 4370 712 4416 est
730 4363 763 4413 ab
783 4362 902 4424 Apronlo
921 4362 985 4411 tillo.
1025 4361 1107 4410 dium.
1150 4361 1295 4426 lndtgnttas
1322 4369 1412 4415 autem
1443 4365 1625 4415 accusationts
1656 4364 1683 4412 tn
1776 4396 1777 4441 p

334 4454 405 4509 llale
433 4448 552 4502 nonnulll
580 4447 646 4498 baec
673 4445 866 4501 dlstrarerout3
898 4454 986 4507 neque
1024 4456 1056 4493 eo
1076 4444 1188 4496 marlme
1207 4442 1376 4506 vertebatur,
1395 4443 1468 4507 cuod
1488 4443 1624 4507 Qutrlnus
1644 4444 1684 4494 ut·
1775 4462 1776 4541 p

334 4548 397 4589 vero
425 4542 534 4583 necesse
562 4532 618 4587 ert,
650 4533 680 4577 ut
705 4537 765 4576 cum
794 4521 932 4575 walthero
956 4532 987 4572 ao
1024 4524 1074 4573 mle
1102 4523 1273 4575 exacerbatus
1298 4522 1369 4575 illam
1396 4523 1535 4576 dtmtsaaae
1555 4538 1570 4574 e
1588 4525 1684 4576 matre·-

333 4614 502 4667 Boettlebero
521 4610 639 4674 legamus
655 4606 847 4670 tollanturque.
1023 4603 1113 4653 monio
1129 4608 1190 4666 port
1206 4604 1359 4669 otpeaimam
1378 4617 1479 4655 aonam
1495 4607 1594 4656 ueneat
1621 4605 1683 4657 ottae

369 4697 413 4747 Μ.
442 4692 473 4744 t.
492 4690 567 4742 Sulla
586 4712 598 4724 ·
615 4682 753 4749 ·pranor’]
785 4686 842 4736 tloc
865 4682 917 4735 late
941 4681 987 4734 de·
1022 4682 1053 4731 s'a
1070 4694 1098 4732 se
1116 4683 1267 4745 comparate·
1284 4682 1422 4748 crpusbat.
1451 4684 1525 4737 Suet.
1539 4685 1608 4737 Tib.
1624 4684 1683 4745 40..

334 4779 463 4831 monstrat
481 4779 508 4824 et
526 4764 828 4833 prohabtltterllarlstus
850 4764 883 4815 ad
902 4762 986 4816 Ceno·
1023 4775 1077 4825 qao
1097 4765 1176 4814 ettam
1196 4775 1227 4815 er
1245 4763 1304 4815 loeo
1323 4769 1353 4815 nt
1371 4777 1402 4816 es
1419 4763 1489 4816 Anu.
1503 4764 1535 4823 a,
1549 4763 1600 4817 48.
1622 4777 1684 4816 eon·

334 4859 407 4922 rapu.
426 4855 482 4908 Pis.
504 4864 527 4914 p.
546 4848 609 4899 257.
631 4846 702 4896 Eur.
738 4844 778 4896 lta
796 4843 916 4895 setlleet:
938 4843 983 4892 «Ρ.
1024 4848 1063 4893 tra
1080 4841 1233 4894 btedtceum
1252 4844 1448 4896 emendandam
1473 4851 1530 4896 erat
1551 4845 1683 4909 Qum,
1771 4856 1772 4859 ¹

334 4937 474 4990 Gemellus
501 4931 614 4981 Faustus
640 4924 712 4976 Sulla
735 4924 767 4974 Ι..
791 4923 879 4976 Sullae
904 4924 986 4974 dlcta·
1024 4923 1086 4983 aula
1113 4921 1247 4985 subimus
1276 4924 1414 4988 Qutrtatua
1439 4924 1483 4977 llla
1506 4931 1600 4977 aetate
1630 4936 1682 4978 noa

334 5021 399 5071 torte
423 5014 491 5066 tlltua
515 5007 670 5070 Pompetam
689 5002 738 5054 Cu.
758 5003 877 5066 Pompell
896 5003 984 5067 llagnt
1023 5002 1117 5053 luisset
1152 5015 1249 5055 nomen
1282 5004 1440 5056 Romanam.
1488 5004 1621 5058 Ceterum
1651 5018 1683 5057 es

333 5098 415 5151 illlam
441 5098 469 5145 tn
487 5088 655 5141 matrimonto
672 5083 765 5135 habult
785 5096 816 5136 ex
835 5083 930 5147 sertus.
952 5083 984 5135 de
1023 5083 1153 5135 §aemulo
1166 5084 1297 5149 colltsltar
1310 5084 1438 5148 Lepldam
1451 5086 1478 5136 tu
1496 5084 1609 5148 Qutrtnt
1627 5099 1683 5151 gra·

333 5177 403 5232 bello
421 5173 478 5227 ao.
497 5169 528 5225 G.
546 5168 598 5220 05:
622 5167 722 5221 Fausto
738 5177 758 5217 a
774 5161 807 5214 Ρ.
825 5162 893 5215 Sttto
910 5160 986 5230 (Cre-
1024 5165 1087 5215 tlsm
1113 5165 1315 5218 condemnatam
1342 5177 1418 5229 esse,
1459 5166 1523 5230 quta
1553 5166 1682 5220 'libertae
