3700 5880
344 444 409 511 884⁴
731 443 922 511 CORNELII
943 444 1076 513 utem
1095 445 1303 515 auuauutt

339 607 405 666 Non
429 604 547 665 ltaliam
570 607 688 664 muster
712 604 883 679 provinciali
901 606 998 679 polim
1015 606 1080 663 esti
1113 606 1175 665 lam
1195 606 1276 665 vobis
1295 622 1361 666 eum
1387 606 1462 665 banc
1480 609 1593 682 partem
1611 624 1684 667 cen·

339 707 426 750 surae
450 708 534 750 meae
559 692 720 766 approbare
743 706 885 763 coepero,
919 692 989 766 quid
1009 694 1045 750 de
1064 707 1100 750 sa
1119 707 1151 749 re
1170 694 1293 750 sentiam
1312 696 1399 752 rebus
1420 694 1583 752 ostendam.
1622 694 1682 752 Sed

339 794 378 835 ne
390 777 581 851 provinciales
595 778 722 851 quidem,
736 778 762 835 si
775 778 859 834 undo
871 793 976 835 ornare
990 779 1098 835 curiam
1111 779 1235 852 poterint
1247 778 1324 853 (ric),
1339 780 1513 837 reiiciendos
1527 785 1605 851 puto.
1626 779 1682 837 Or-

340 863 490 922 natissima
516 879 585 920 ecce
611 865 724 920 colonia
751 863 1009 937 valentissimaque
1032 864 1241 922 Viennensium
1262 882 1348 939 qnam
1368 867 1454 935 longo
1474 867 1532 922 iam
1551 869 1681 937 tempore

339 954 489 1008 senatores
516 949 584 1007 buic
610 950 708 1007 euriae
734 949 862 1007 confert!
902 951 949 1009 Es
978 966 1033 1023 qna
1054 951 1169 1009 colonia
1188 951 1265 1008 inter
1282 966 1390 1023 pancos
1410 951 1552 1024 equestris
1570 952 1681 1009 ordinis

340 1036 541 1095 ornamentum
560 1035 594 1093 1..
609 1034 760 1093 Vestinum
780 1035 1004 1094 familiarissime
1017 1036 1105 1105 diligo
1121 1041 1149 1092 st
1163 1035 1306 1110 hodieque
1321 1037 1350 1093 in
1365 1038 1451 1094 rebus
1465 1038 1537 1094 meis
1550 1038 1678 1095 detineo.

340 1122 429 1180 cuins
453 1121 536 1179 liberi
563 1121 694 1178 iruantur
719 1136 827 1194 quaeso
846 1122 939 1193 primo
961 1122 1187 1180 sacerdotiorum
1208 1125 1317 1193 gradu,
1338 1124 1489 1195 postmodo
1510 1125 1684 1181 comannis

338 1295 411 1354 iliud
430 1293 635 1366 palaestricum
655 1293 834 1365 prodigium,
865 1294 942 1367 qnod
969 1297 1038 1351 aule
1056 1295 1086 1350 in
1106 1297 1221 1350 domum
1247 1296 1427 1352 consulatum
1448 1294 1559 1360 intulit,
1592 1310 1680 1367 quam

340 1381 453 1439 colonia
472 1395 525 1437 sna
556 1379 679 1436 solidum
700 1379 822 1436 civitatis
839 1379 986 1437 Romanae
1006 1380 1180 1436 beneficium
1192 1385 1346 1438 consecuta
1361 1382 1415 1436 est.
1447 1379 1527 1436 Idem
1542 1380 1579 1435 ds
1593 1382 1680 1436 tratre

340 1468 402 1525 eins
423 1482 539 1539 possum
558 1464 655 1522 dicere
675 1465 834 1522 miserabili
863 1466 980 1539 quidem
999 1465 1262 1539 indignissimoqne
1280 1464 1336 1522 boc
1353 1481 1442 1536 casu,
1472 1470 1504 1522 ut
1522 1464 1603 1522 vobis
1625 1465 1681 1522 uti·

340 1554 377 1611 iis
395 1556 512 1610 senator
530 1566 595 1608 esse
615 1566 672 1606 non
692 1550 793 1624 possit.

416 1637 580 1711 Tempust)
599 1641 645 1695 est
662 1638 740 1707 ism,
761 1637 806 1695 Ti.
828 1636 939 1695 Caesar
958 1634 1149 1708 Germanice,
1182 1637 1319 1709 detegere
1345 1640 1374 1695 te
1400 1636 1529 1708 paunus
1554 1637 1681 1694 conseri·

339 1725 415 1800 ptis,
446 1741 503 1799 qno
524 1724 623 1781 tendat
642 1722 734 1780 oratio
754 1725 819 1790 tua;
851 1723 910 1780 iam
933 1723 1012 1781 enim
1033 1724 1069 1780 ad
1089 1728 1236 1781 extremos
1255 1723 1328 1781 lines
1349 1720 1461 1780 Galliae
1480 1723 1681 1783 Narbonensis

339 1811 455 1873 venisti.

352 1894 356 1900 ’
423 1896 478 1954 'l'ol
496 1911 565 1953 ecce
585 1894 715 1968 insignes
735 1895 875 1965 iuvenes,
896 1898 965 1968 quot
984 1895 1115 1964 intueor,
1141 1911 1200 1952 non
1218 1896 1311 1966 magis
1336 1899 1404 1951 sunl
1417 1895 1583 1966 paenitendi
1596 1910 1681 1951 sena-

340 1989 436 2052 tores,
468 1998 553 2058 qnam
583 1980 712 2053 paenitet
738 1980 905 2053 Persicum,
937 1981 1148 2039 nobilissimum
1171 1981 1282 2052 virum,
1316 1981 1439 2036 amicum
1457 1994 1572 2051 meum,
1605 1982 1682 2037 iuter

340 2069 482 2140 imagines
510 2068 650 2125 maiorum
678 2082 795 2124 snorum
823 2067 1000 2137 Allobrogici
1030 2083 1135 2125 nomen
1163 2068 1272 2138 legere.
1322 2066 1432 2136 Quodsi
1459 2066 1532 2125 haec
1555 2067 1596 2124 ita
1615 2082 1681 2124 esse

341 2156 530 2225 consentitis,
563 2154 633 2227 quid
663 2155 737 2211 oltra
765 2153 952 2224 desideratis,
985 2169 1072 2225 quam
1099 2159 1129 2211 ut
1155 2154 1238 2211 vobis
1265 2152 1353 2223 digito
1373 2153 1568 2209 demonstrem
1587 2154 1682 2210 solnm

339 2244 436 2315 ipsum
454 2242 529 2297 ultra
549 2239 622 2296 lines
640 2239 807 2311 provinciae
826 2239 1023 2297 Narbonensis
1049 2239 1106 2296 iam
1126 2240 1208 2297 vobis
1227 2242 1378 2295 senatores
1398 2239 1529 2308 mittere,
1564 2239 1680 2311 qnando

340 2343 378 2385 ex
404 2326 565 2395 Luguduno
594 2323 652 2399 (sie)
681 2323 789 2381 habere
815 2340 869 2382 uns
892 2325 983 2381 nostri
1003 2325 1112 2383 ordinis
1132 2326 1209 2382 viros
1229 2341 1287 2381 non
1307 2324 1446 2398 paenitet.
1485 2323 1597 2380 Timide
1618 2323 1681 2397 qui-

341 2414 423 2482 dem,
443 2411 476 2469 P.
499 2409 551 2481 C.‚
573 2425 708 2480 egressus
727 2411 862 2467 adsuetos
882 2410 1094 2482 familiaresque
1113 2412 1196 2468 vobis
1215 2410 1428 2483 prouinciarum
1446 2410 1584 2466 terminos
1598 2426 1679 2477 snm;

339 2499 392 2556 sed
413 2497 549 2554 destricte
568 2495 626 2551 iam
642 2495 779 2552 Comatae
800 2495 911 2554 Galliae
931 2512 1019 2553 cansa
1032 2498 1145 2567 agenda
1158 2502 1213 2555 est.
1241 2498 1274 2554 ln
1288 2513 1344 2571 qua
1357 2496 1381 2552 si
1395 2496 1458 2569 quis
1471 2495 1527 2551 boc
1540 2495 1680 2567 intuetur,

341 2583 417 2655 qnod
430 2582 508 2639 bello
520 2597 573 2656 per
585 2583 686 2640 decem
697 2598 790 2640 anuos
803 2572 998 2641 exercuerunt
1010 2584 1105 2642 diuum
1120 2582 1179 2658 (sic)
1193 2583 1296 2639 lulium
1310 2624 1319 2652 ‚
1334 2582 1410 2638 idem
1424 2583 1552 2654 opponat
1564 2586 1681 2638 centnm

341 2680 483 2726 annorum
509 2668 686 2725 immobilem
715 2668 801 2726 iidem
831 2670 1059 2744 obsequiumque
1088 2671 1185 2728 multis
1212 2668 1331 2742 trepidis
1360 2669 1446 2724 rebus
1474 2666 1581 2723 nostris
1602 2668 1682 2740 plus-

341 2770 427 2829 quam
456 2752 515 2827 (ιιι)
543 2757 704 2826 expertum.
745 2754 792 2811 lili
815 2755 887 2828 patri
907 2771 971 2812 meo
991 2756 1085 2813 Druso
1106 2754 1289 2814 Germaniam
1309 2753 1454 2824 subigenti
1475 2753 1565 2806 tutam
1584 2751 1681 2823 quiete

340 2855 393 2897 sna
419 2854 607 2912 securamque
633 2854 650 2896 a
676 2844 755 2911 tergo
780 2857 881 2913 pacem
908 2842 1130 2916 praestiterunt,
1163 2842 1333 2913 etquidem
1360 2855 1425 2897 cnm
1444 2852 1461 2894 a
1480 2852 1586 2893 census
1606 2853 1681 2895 novo

341 2930 401 2984 turn
429 2942 517 2998 opere
545 2933 575 2985 et
602 2927 753 2985 inadsueto
782 2927 883 2986 Galliis
903 2932 940 2986 ad
965 2929 1075 2986 bellum
1095 2928 1252 2985 advocatus
1272 2930 1361 2983 esset.
1400 2924 1483 2993 Quod
1502 2939 1575 2995 opus
1595 2938 1681 2995 quam

341 3012 463 3070 arduum
491 3010 528 3069 sil
556 3013 641 3070 nobis
670 3029 747 3070 nunc
773 3029 838 3071 eum
867 3015 1006 3084 maxime,
1038 3013 1169 3086 quamvis
1190 3013 1262 3070 nibil
1282 3014 1373 3084 ultra,
1406 3025 1492 3084 qnam
1514 3013 1544 3066 ut
1563 3008 1680 3081 publice

340 3102 427 3156 notae
446 3098 505 3155 sint
524 3100 674 3157 facultates
693 3103 829 3172 nostrae,
850 3101 1033 3173 exquiratur,
1055 3099 1140 3156 nimis
1153 3114 1258 3170 magno
1272 3097 1470 3171 experimento
1486 3093 1679 3166 agnoscimus.

340 3367 362 3435 ¹)
380 3367 513 3436 lorensis]
544 3369 642 3423 Valerii
660 3366 780 3421 astaco.
800 3365 950 3419 Tae.Anu.
970 3366 1019 3428 11,
1050 3367 1076 3416 t.
1095 3364 1187 3417 Frater
1209 3366 1269 3416 elus
1296 3361 1404 3416 aliunde
1435 3368 1513 3413 notus
1543 3373 1597 3413 uon
1630 3364 1680 3412 est.

341 3479 371 3492 -
392 3449 416 3517 ⁸)
438 3448 562 3517 Tempus]
586 3448 697 3500 Prorsus
717 3451 808 3499 miram
823 3448 892 3498 haue
912 3445 1150 3510 tnterpellatlcnem
1170 3457 1207 3495 se
1225 3451 1319 3496 senatu
1338 3457 1399 3495 rere
1419 3441 1513 3493 iactam
1529 3448 1558 3494 et
1571 3445 1598 3490 tn
1617 3443 1682 3491 eetts

342 3537 399 3586 etus
421 3534 597 3596 consignatam
612 3542 692 3582 esses
712 3531 841 3580 existimat
860 3528 966 3579 delitus.
1004 3526 1058 3576 lam
1078 3528 1126 3577 etsi
1144 3525 1273 3577 Suetonio
1292 3531 1358 3576 teste
1376 3522 1470 3575 Claud.
1490 3523 1534 3574 15.
1556 3520 1682 3572 claudius

339 3613 441 3678 gorsine
469 3617 494 3661 st
511 3610 605 3674 pomer
627 3608 788 3672 eonrssprot
807 3616 890 3665 esset,
920 3613 1007 3658 tamen
1032 3612 1084 3656 tarn
1103 3611 1222 3669 apertam
1244 3607 1414 3666 derisionem,
1434 3604 1506 3655 omni
1528 3602 1683 3653 adulatione

343 3694 462 3758 quamvls
486 3694 586 3743 trontcs
607 3689 776 3747 destitutam.
805 3692 833 3739 tn
857 3689 913 3751 inse
935 3691 1008 3739 curte
1035 3687 1153 3739 Romane
1173 3689 1284 3749 nrtoelot
1311 3687 1491 3743 reclamatum.
1510 3686 1566 3735 aeri
1584 3679 1684 3733 deinde

342 3776 453 3827 incisam
480 3784 536 3826 esse
555 3771 619 3822 mtbt
644 3768 796 3833 peneades!
815 3781 868 3820 uon
888 3775 983 3831 potest.
1020 3768 1103 3818 trumo
1122 3766 1248 3817 Claudius
1268 3769 1340 3830 inse,
1359 3774 1389 3817 ut
1409 3764 1460 3816 intt
1477 3764 1557 3816 bomo
1576 3765 1684 3825 ineptus

342 3861 423 3920 atque
448 3853 596 3912 absurdus,
627 3852 677 3902 bac
704 3852 861 3902 allocutione
890 3855 975 3900 semet
999 3848 1055 3912 lpse
1083 3860 1098 3899 a
1122 3847 1198 3911 lunga
1220 3846 1382 3911 digressione
1410 3845 1442 3896 ad
1470 3857 1542 3903 rem,
1571 3857 1622 3907 qus
1647 3841 1684 3892 de

342 3937 443 3998 egitur,
459 3939 574 3987 revocat.
601 3931 688 3984 Probe
698 3931 822 3986 uidelicet
833 3936 942 3984 nerent
954 3930 1089 3983 rhetorum
1103 3932 1288 3992 paeceptum:
1306 3922 1497 3999 Ἀκοσιροφὴ
1508 3926 1576 3975 mire
1585 3926 1681 3974 must.

343 4013 468 4080 (ριιιιιι.
487 4015 520 4078 a,
538 4015 570 4076 s,
589 4010 646 4079 ss.)
