3620 5880
499 454 619 521 uuna
639 452 691 521 tv.
734 451 808 539 cop.
832 453 884 519 ss.
909 451 960 518 sa.
981 452 1034 517 aa.
1057 452 1110 517 oo.
1410 453 1473 525 ass

158 637 214 683 reor
233 633 400 700 suspensus
421 612 569 699 opposuit
589 632 659 678 sese
680 609 906 687 incidentibus,
933 619 1026 698 atque
1053 606 1164 679 babitu
1185 612 1238 679 tali
1260 617 1405 696 repertus
1426 618 1474 679 est

158 726 329 799 militibus
350 725 406 813 qui
427 726 568 793 subsidio
590 734 752 792 uenerant.
802 726 902 799 maior
927 746 969 793 ex
990 745 1047 804 eo;
1079 730 1112 795 et
1132 744 1321 812 quamquam
1343 724 1475 797 exitiosa

156 843 303 916 suaderet,
327 848 447 906 utnon
469 841 517 906 sui
538 843 667 916 anxios,
690 860 761 907 cnon
783 835 844 904 fide
866 840 1065 908 audiebatur.
1105 837 1371 925 adsimulabatque
1393 838 1475 906 iudi·

157 953 197 1021 cis
214 962 314 1040 partes
336 956 504 1021 adversum
527 953 704 1019 Germanici
725 953 869 1039 stirpem
885 949 1019 1021 subditis
1033 956 1087 1040 qni
1109 961 1329 1020 accusatorum
1348 952 1475 1019 nomina

155 1067 344 1142 rubuerunt,
366 1070 566 1153 maximeque
586 1067 814 1132 insectarentur
834 1069 993 1137 Neronem
1014 1065 1196 1153 proximum
1216 1065 1406 1135 successioni
1428 1073 1498 1144 et,e

154 1201 331 1267 quamquam
362 1178 504 1249 modesta
532 1178 674 1254 iuventa,
707 1178 895 1265 plerumque
927 1188 1033 1253 tamen
1058 1179 1134 1267 quid
1167 1183 1200 1247 in
1230 1179 1476 1267 praesentiarum

155 1292 333 1360 conduceret
364 1292 516 1370 oblitum,
550 1295 627 1357 dum
658 1314 676 1357 a
700 1289 822 1359 libertis
843 1301 875 1359 et
898 1290 1084 1371 clientibus,
1108 1292 1295 1378 apiscendae
1316 1291 1476 1381 potentiae

151 1408 299 1494 properis,
322 1406 539 1479 exstimulatur
558 1414 595 1473 nt
615 1413 755 1475 erectum
775 1414 807 1472 et
827 1404 975 1481 lideutem
997 1409 1094 1473 animi
1115 1405 1315 1477 oeoenderet:
1338 1405 1420 1474 velle
1443 1407 1477 1472 id

151 1523 292 1607 populum
313 1524 506 1594 Romanum,
528 1540 644 1607 cupere
666 1518 843 1597 exercitus,
875 1541 981 1606 neque
1000 1540 1152 1589 ausorum
1175 1529 1284 1589 conlm
1306 1522 1476 1599 Seianum,

151 1635 200 1718 qui
219 1653 301 1701 nunc
323 1632 503 1721 patientiam
525 1632 609 1702 senis
631 1644 663 1699 et
684 1632 846 1719 segnitiam
868 1632 992 1700 iuvenis
1017 1637 1106 1702 iuxta
1134 1635 1271 1703 insultet.
1314 1632 1376 1721 (bb)
1397 1636 1516 1709 haecce

149 1753 235 1834 atque
255 1747 331 1817 talia
352 1749 490 1814 audienti
512 1747 587 1815 nibil
609 1746 736 1832 quidem
758 1767 875 1832 pravae
896 1747 1115 1834 eogiutiouis:
1137 1747 1193 1816 sed
1213 1748 1371 1816 interdum
1384 1767 1479 1815 roces

149 1858 356 1943 procedebant
385 1868 585 1933 contumaces
615 1869 648 1927 et
676 1861 887 1940 inconsultas,
909 1882 986 1949 quas
1007 1861 1144 1949 adpositi
1165 1860 1311 1930 custodes
1333 1869 1481 1949 exceptas

147 1980 310 2059 sucusque
341 1994 413 2040 cuna
441 1974 616 2051 deferrent,
646 1995 751 2062 neque
776 1974 894 2042 Neroni
914 1975 1085 2043 defendere
1107 1974 1246 2054 laetor,
1270 1973 1413 2043 diversae
1433 1973 1482 2041 in·

148 2105 239 2173 super
257 2085 504 2157 sollicitudinum
527 2085 649 2153 immae
670 2090 865 2159 oriebantur.
890 2110 964 2159 uam
984 2088 1065 2157 alius
1087 2109 1254 2159 occursum
1276 2090 1345 2156 eius
1366 2088 1480 2169 sitam

146 2198 268 2285 quidam
301 2199 488 2269 salutatione
524 2199 646 2269 reddita
672 2205 775 2269 statim
800 2201 917 2282 averti;
946 2202 1090 2291 plerique
1114 2204 1275 2288 inceptum
1301 2222 1519 2279 sermonemu

144 2314 342 2400 abrumpere,
363 2312 577 2379 insistentibus
600 2323 708 2380 contra
730 2313 1002 2405 inridentibusque
1028 2319 1090 2404 qui·
1105 2319 1219 2383 Seiano
1245 2318 1386 2384 botones
1408 2315 1483 2383 ade·

144 2435 219 2492 rant.
256 2429 420 2493 enimvero
443 2426 589 2494 Tiberias
612 2436 720 2495 torvus
744 2438 798 2496 aut
815 2427 927 2497 salsum
951 2428 1099 2496 renidens
1121 2429 1230 2499 vultam
1257 2451 1316 2499 seu
1337 2428 1483 2516 loquere-

143 2545 192 2605 tur
220 2562 278 2606 seu
302 2549 424 2607 moeret
450 2542 590 2618 invenis,
617 2543 735 2609 crimen
765 2564 807 2609 ex
822 2543 980 2621 silentio,
1006 2565 1047 2609 ex
1068 2562 1157 2609 voce.
1197 2565 1239 2609 ne
1264 2563 1331 2609 nox
1354 2545 1483 2629 quidem

143 2671 268 2730 secrna,
286 2674 361 2719 cum
386 2675 468 2719 uxor
489 2654 613 2740 vigilias
634 2675 761 2722 somnos
783 2655 919 2744 suspirie
939 2658 1031 2723 matri
1046 2656 1153 2723 Liviae
1173 2664 1268 2743 atque
1289 2657 1344 2723 illa
1366 2656 1482 2727 Seiano

183 2890 185 2895 ,
207 2837 235 2887 o.
256 2837 319 2887 uda.
340 2836 387 2888 Me
407 2849 459 2887 uss.
479 2837 511 2885 Β.
538 2860 573 2873 -
590 2836 686 2888 iudicis
702 2836 748 2889 bia
768 2838 864 2888 indicis
881 2844 988 2891 auctore
1006 2838 1111 2891 Murato
1128 2838 1159 2891 Β.
1182 2863 1212 2879 -
1231 2836 1259 2891 i.
1279 2839 1419 2889 odueruna
1434 2838 1482 2891 lla

138 2906 267 2959 odansue
295 2907 362 2960 inde
381 2920 396 2958 a
414 2907 543 2959 Beroaldo
568 2908 657 2967 Eud..
685 2911 764 2961 etiarn
783 2907 814 2956 Β.
845 2909 899 2960 Cur
917 2910 1017 2962 lormse
1038 2910 1179 2963 odoerauna
1196 2914 1249 2959 taur
1277 2908 1387 2961 iniectus
1405 2909 1485 2963 luerit

139 2977 303 3038 beroaldus.
334 2982 435 3042 ignoro.
466 3004 494 3017 -
523 2977 549 3029 o.
573 2979 709 3041 presentis
734 2992 793 3029 rum
818 2981 945 3031 conduct
969 2979 1007 3033 ti.
1028 2980 1185 3035 limandaslt
1210 2979 1482 3039 Beroaldus-11.

135 3061 218 3111 proce
234 3049 276 3102 si.
301 3075 333 3088 -
354 3050 398 3100 ti.
419 3048 483 3113 odp.
502 3049 551 3103 bl:
570 3063 634 3114 opp.
653 3050 685 3101 Β.
707 3076 737 3088 -
757 3050 802 3101 iti.
821 3051 875 3101 inr.
894 3050 938 3103 bl:
957 3052 1007 3102 irs·
1026 3051 1058 3101 Β.
1080 3077 1109 3090 -
1129 3051 1240 3103 obeunt
1257 3050 1296 3103 ii.

136 3224 206 3265 usos.
218 3241 254 3253 -
274 3209 435 3278 Fundunos]
448 3214 552 3275 Fundi,
566 3211 644 3266 bodie
656 3211 752 3265 Fundi.
762 3233 797 3250 ·-
832 3211 1000 3279 sustinerent]
1021 3220 1109 3279 partes
1127 3217 1302 3278 susciperent.
1316 3235 1345 3249 -
1365 3213 1396 3263 in
1407 3225 1486 3278 prus·

133 3291 214 3363 penu]
233 3295 315 3347 ilaec
336 3297 434 3359 positio
452 3293 528 3347 iseiie
547 3292 668 3357 eapitur.
687 3296 709 3344 ei
728 3296 797 3358 eogi-
834 3291 989 3359 sentiarum]
1011 3296 1188 3358 Explicantur
1203 3295 1360 3358 proesentis
1378 3304 1487 3354 rerum:

134 3383 172 3427 tas
190 3378 333 3431 tacentem
358 3377 385 3425 lu
412 3374 479 3425 lecto
498 3372 653 3433 Tiberinon.
681 3379 712 3425 ut
729 3373 797 3425 soie·
834 3374 899 3425 mira
925 3375 990 3426 baec
1014 3374 1124 3428 iornauia
1153 3377 1285 3437 reperitur
1312 3377 1364 3425 lesu
1389 3371 1486 3429 lndea

133 3453 196 3507 bant
217 3461 374 3513 vescentes.
394 3454 517 3506 Ltus.-
533 3451 632 3518 nroior]
652 3455 796 3518 potentior.
834 3453 934 3506 Cawne
963 3452 1007 3519 (Β.
1027 3456 1061 3521 li,
1082 3455 1151 3517 itt,
1169 3452 1210 3515 ἢ.)
1240 3466 1326 3519 usque
1351 3451 1384 3502 ad
1410 3451 1488 3504 Sldo-

134 3559 162 3573 ·
193 3533 434 3600 adsimulabatque
464 3534 559 3585 iudicis
587 3530 695 3598 portu]
725 3532 796 3586 urle
834 3537 908 3585 ulum
925 3530 1022 3599 (Epist.
1041 3535 1073 3597 d,
1089 3532 1150 3601 β.);
1177 3535 1247 3597 apud
1265 3534 1419 3585 Petronium
1440 3532 1485 3589 58.

133 3620 302 3668 recentiores
332 3615 450 3666 editores
476 3620 585 3667 auctore
610 3614 738 3666 Oberiiuo
762 3612 796 3663 ad
834 3619 862 3667 et
878 3613 921 3665 tt.
942 3622 982 3668 est
1000 3618 1080 3685 pplqu
1106 3614 1137 3665 de
1156 3616 1356 3667 reerectionem.
1379 3638 1408 3651 -
1432 3625 1488 3674 po-

130 3709 214 3749 unusn
242 3709 348 3749 omnes
373 3701 532 3759 receperunt
548 3695 646 3748 Mureti
664 3697 798 3747 conlectu-
834 3695 955 3765 tientions
970 3719 983 3732 ·
1000 3719 1012 3732 ·
1028 3628 1155 3759 insultet?
1179 3696 1311 3745 rarlssluaa
1331 3705 1392 3743 curn
1411 3702 1489 3753 accu-

130 3790 185 3829 rasn
204 3779 322 3839 indicis.
363 3775 467 3828 Codicis
485 3778 614 3841 scriptura
631 3778 797 3839 aptissimum
834 3779 882 3826 sat.
898 3776 1112 3836 construetione,
1132 3781 1163 3824 ut
1181 3773 1350 3837 saturano
1372 3778 1423 3824 inc.
1440 3770 1486 3831 st.

128 3855 200 3910 bane
219 3859 346 3922 praebet
368 3871 496 3911 sensurus
527 3855 723 3917 «subornabat,
751 3857 796 3920 qut
830 3854 1267 3919 subobscuresuboscure
1284 3852 1319 3902 ob
1336 3852 1488 3904 oduuseen·

129 3937 288 3993 Germanici
320 3941 432 4003 stirpem
456 3942 611 3990 accusarent
635 3936 706 3998 opud
724 3948 753 3988 ae
771 3939 798 3985 et
836 3936 875 3986 lio
893 3934 973 3987 bonos
990 3936 1179 3986 insulloeerot.

127 4016 273 4077 Tiberium
303 4017 355 4085 (ne
374 4025 451 4081 putes
469 4016 539 4080 apud
563 4013 710 4081 senatum);
741 4016 798 4076 ipse
869 4008 1207 4080 connumerassent]
1228 4014 1487 4075 rarissimonsupro

127 4099 229 4155 delude
251 4114 321 4153 cuna
336 4099 447 4151 'ilberto
465 4095 631 4149 consultabat
649 4103 676 4149 et
694 4102 798 4160 rogatus
836 4095 945 4146 coibunt
962 4109 995 4147 eu
1012 4098 1066 4146 stus
1078 4107 1132 4147 ore.
1147 4119 1177 4131 -
1196 4096 1314 4158 insuper]
1333 4108 1385 4146 non
1401 4093 1488 4149 solutu

127 4183 299 4235 eeutsotlsru
336 4178 461 4237 dicebat,
499 4183 634 4242 tanquam
663 4174 696 4228 ab
725 4175 797 4226 omni
837 4175 967 4229 delatores
986 4189 1047 4227 eum
1067 4173 1281 4235 insectabantur.
1311 4182 1401 4227 eontra
1420 4186 1502 4238 quos‘

124 4265 247 4324 pertinen
268 4260 370 4314 studio
386 4260 517 4315 alenus.»
536 4256 659 4310 Wauru.
683 4254 796 4308 Phaedr.
837 4254 956 4307 delensis
975 4258 1000 4308 el
1023 4267 1147 4307 concessa
1166 4253 1237 4305 baud
1255 4260 1329 4316 erat,
1355 4255 1401 4308 sed
1420 4250 1488 4315 altae

123 4340 198 4394 Prot.
219 4342 257 4399 ad
280 4342 301 4392 t.
324 4340 361 4401 3,
379 4339 433 4391 ilc
455 4338 553 4403 Quodsi
569 4344 710 4389 weuauor
728 4335 799 4385 ullus
837 4342 973 4399 praeterea
991 4337 1056 4388 rasit
1075 4336 1178 4401 generis
1201 4334 1391 4389 sollicitudines
1409 4339 1488 4387 mise·

121 4420 225 4476 Seium
244 4420 348 4489 forst,
367 4418 396 4470 st
413 4420 486 4471 testis
504 4418 591 4474 ullus,
610 4418 710 4468 iudeo
730 4416 800 4466 ullus
837 4417 1046 4481 sumauqebsnt.
1064 4439 1097 4452 -·
1110 4413 1306 4480 insistentibus]
1320 4416 1489 4469 subsistenti-

122 4502 263 4570 sacrique,
302 4500 428 4564 monum
452 4497 550 4562 interes
575 4509 629 4546 ease
650 4508 692 4547 me
717 4497 799 4545 tontis
836 4496 1487 4561 bos‚utettnsultarent3opponuntursuteruits‚

120 4582 215 4635 maiis.
258 4580 372 4634 Contra
390 4578 454 4629 dicit
471 4576 574 4628 littters
607 4575 723 4628 «iudicis
742 4587 800 4638 par·
837 4579 986 4639 quistatim
1005 4576 1201 4628 avertebantur.
1230 4602 1264 4612 -
1292 4576 1392 4642 {uisum
1417 4576 1489 4627 reni·

119 4669 212 4717 tasse
231 4676 306 4717 sera
328 4661 461 4720 sustinet,
488 4659 534 4722 qut
553 4655 664 4708 aitoruor
683 4654 799 4708 laelnora
837 4653 911 4721 dens]
925 4662 955 4708 ut
973 4656 1077 4720 plenius
1090 4656 1237 4718 annuletur
1255 4655 1321 4708 diet.
1335 4654 1361 4706 s.
1377 4667 1403 4718 p.
1417 4652 1485 4709 stoc

120 4756 186 4797 ass
206 4747 275 4809 ipso
304 4739 447 4803 explorata
472 4736 515 4790 sei
531 4735 640 4788 aliunde
665 4742 799 4799 conperta
835 4737 956 4787 renuens
968 4735 1101 4786 exitiabile
1113 4735 1307 4801 ruumcllqno.
1327 4733 1381 4786 Cir.
1393 4733 1486 4785 dierat.

117 4826 153 4880 ad
166 4826 339 4891 principem
356 4817 459 4877 deleres
478 4816 525 4869 aed
545 4818 609 4881 qui,
626 4822 659 4882 sut
674 4815 798 4876 Seianus,
836 4814 871 4876 a,
890 4815 925 4867 b'i
935 4851 943 4879 ‚
961 4814 1016 4866 tiis
1033 4814 1164 4881 perfidum
1182 4815 1280 4866 ridens.
1312 4813 1359 4864 Sil.
1378 4812 1438 4864 ital.
1457 4814 1485 4876 l.

117 4906 261 4958 subornat
290 4909 356 4954 um
384 4903 552 4950 accusatores
580 4908 660 4961 quarn
679 4898 799 4956 erimina,
837 4895 904 4947 dtis:
934 4907 1041 4947 senuna
1068 4894 1203 4947 urridens.
1235 4919 1265 4931 -
1302 4888 1387 4971 uoce]
1418 4892 1488 4955 iulia

117 5000 193 5053 quae
213 4987 280 5050 ipse
313 4977 438 5040 indicat,
463 4980 485 5031 ls
510 4983 550 5031 est
567 4977 746 5029 colunnlctor
763 4983 801 5027 st·
838 4974 916 5026 Drusi
935 4975 985 5036 li..
1012 4988 1081 5039 quse
1100 4974 1198 5026 Neroni
1215 4979 1317 5036 nuptae
1350 4984 1486 5039 quamque

117 5083 174 5132 que
204 5065 318 5119 indicis
353 5066 441 5123 partes
468 5070 520 5109 non
555 5060 606 5109 niet
634 5055 798 5110 assimulans
839 5053 1065 5118 posteacieodlns
1086 5052 1243 5107 Messalinae
1262 5051 1323 5103 doio
1341 5055 1485 5109 interiecit.

116 5147 265 5217 equesen
288 5142 373 5197 laeto
390 5150 450 5193 suu
466 5137 615 5195 Walttaero.
636 5163 669 5179 -
693 5137 803 5191 mutos
839 5129 1331 5197 Sueton.ctaud.2e.1llobti‚18.
1355 5132 1433 5189 tras.
1451 5158 1487 5173 —-
