3634 5876
338 472 400 538 aas
722 468 910 536 couurnu
930 469 1064 538 raom
1084 471 1292 539 annuatur

339 629 495 696 obiectum
526 626 586 695 uisi
613 628 734 695 tristem
763 631 861 713 patris
881 629 1057 706 somonam,
1090 633 1216 717 quando
1238 640 1271 697 et
1289 630 1343 698 ille
1363 630 1495 719 perinde
1518 631 1671 699 innocens

225 734 229 743 ’
337 740 456 808 Tiberii
483 742 613 808 saevitia
632 740 829 810 concidisset.
860 743 1029 815 'enimvero
1049 747 1233 811 Montanum
1253 747 1376 829 prolem
1398 746 1546 811 iuventas
1565 766 1670 835 neque

336 856 448 921 famosi
468 854 631 930 carminis,
654 856 726 943 quia
747 857 914 943 protulerit
934 856 1112 943 ingenium,
1138 866 1299 925 extorrem
1321 860 1383 944 agi.
1425 856 1487 943 130)
1509 866 1602 947 atque
1621 861 1671 925 in·

337 970 429 1034 terim
451 969 594 1035 Ostorius
616 970 751 1036 Sabinus
772 972 884 1036 Sorani
910 978 1075 1038 accusator
1100 970 1291 1059 ingreditur,
1326 972 1511 1059 orditurque
1531 974 1572 1038 de
1593 973 1671 1038 ami·

314 1080 409 1147 scitia
431 1081 565 1149 Rubellii
586 1082 706 1159 Plauti,
728 1085 876 1169 quodque
897 1083 1154 1171 proconsulatum
1176 1087 1267 1152 Asiae
1288 1086 1428 1151 Soranus
1449 1105 1507 1172 pro
1528 1084 1670 1151 clarinto

337 1198 398 1261 sibi
425 1194 530 1283 potius
560 1198 833 1263 adcommodatum
865 1217 961 1283 qnam
984 1219 1024 1264 ax
1046 1195 1179 1264 utilitate
1206 1197 1366 1264 communi
1394 1197 1525 1282 egisset,
1556 1196 1670 1265 alendo

336 1307 506 1375 seditiones
533 1307 714 1379 civitatium.
748 1315 856 1376 vetera
885 1308 977 1377 haec:
1015 1313 1070 1376 sed
1092 1330 1201 1377 recens
1222 1319 1254 1377 et
1274 1308 1361 1398 quod
1380 1309 1551 1377 discrimini
1573 1313 1670 1396 petris

336 1421 432 1489 lilium
454 1420 676 1499 connectebat,
712 1425 797 1509 quod
818 1423 983 1509 pecuniam
1005 1427 1102 1509 Magis
1123 1423 1266 1509 dilargita
1293 1434 1384 1492 esset,
1418 1423 1575 1491 acciderat
1593 1445 1668 1490 saus

336 1534 450 1623 pietate
472 1534 623 1602 Serviliae
644 1532 689 1619 (id
709 1534 792 1601 enim
814 1556 929 1602 nomen
951 1535 1074 1623 puellae
1096 1536 1182 1621 luit),
1205 1558 1288 1623 qnae
1310 1539 1441 1604 carimte
1465 1558 1540 1623 erga
1557 1557 1671 1625 paren-

298 1671 328 1714 ιι
337 1658 416 1725 tem,
448 1646 539 1714 simul
560 1646 761 1732 inprudentia
782 1648 911 1728 aetatis,
945 1670 1009 1715 non
1031 1658 1135 1716 tamen
1157 1652 1241 1716 aliud
1264 1652 1494 1717 consultaverat
1515 1670 1609 1736 quam
1630 1648 1670 1715 de

336 1761 547 1830 incolumitate
569 1760 694 1839 domus,
718 1767 749 1828 et
769 1783 810 1828 au
831 1758 992 1850 placabilis
1013 1766 1116 1837 Naro,
1140 1784 1179 1830 an
1194 1763 1333 1848 cognitio
1347 1770 1473 1830 senatus
1487 1762 1565 1829 nihil
1577 1772 1669 1829 atrox

337 1874 486 1942 adferret.
509 1874 605 1962 igitur
626 1874 724 1942 accita
746 1884 794 1942 est
813 1876 846 1941 in
868 1884 1027 1953 senatum,
1051 1885 1268 1962 steteruntque
1291 1875 1422 1951 diversi,
1445 1885 1518 1943 ante
1533 1874 1669 1942 tribunal

337 1991 500 2056 consulum
526 1990 654 2074 mandis
681 2009 758 2054 aevo
788 2008 920 2073 parens,
954 1997 1062 2055 contra
1089 1987 1153 2054 lilia
1175 1990 1257 2055 intra
1277 1988 1461 2059 vicesimum
1483 1988 1593 2056 aetatis
1614 2010 1669 2055 au-

337 2125 429 2184 num,
451 2124 552 2190 nuper
565 2101 676 2169 marito
690 2102 790 2168 Annio
813 2100 954 2169 Pollione
975 2103 1009 2167 in
1032 2100 1175 2169 exsilium
1198 2100 1289 2188 pulso
1309 2100 1437 2170 viduata
1453 2100 1665 2189 desolataque,

300 2236 373 2311 rsac
387 2237 427 2282 ne
441 2224 561 2304 patrem
581 2214 708 2303 quidem
730 2216 871 2292 intuens,
895 2216 983 2281 cuius
1006 2234 1153 2282 onerasse
1167 2216 1305 2302 pericula
1320 2216 1496 2281 videbatur.
1523 2214 1587 2300 (31)
1600 2225 1666 2281 tum

336 2333 548 2416 interrogante
569 2337 767 2405 accusatore,
799 2350 840 2395 an
861 2328 962 2396 cultus
983 2327 1123 2407 dotales,
1156 2349 1196 2394 an
1216 2327 1389 2395 detractum
1411 2328 1531 2394 cervici
1550 2330 1667 2395 monile

336 2464 450 2510 venum
472 2444 626 2520 dedisset,
650 2463 712 2528 quo
734 2443 898 2526 pecuniam
921 2440 1069 2508 faciendis
1090 2442 1217 2525 magicis
1238 2440 1570 2531 sacriscontralteret,
1602 2442 1667 2529 pri·

337 2579 421 2623 mum
450 2562 547 2622 strata
573 2553 660 2621 humi
688 2553 845 2643 longoque
873 2557 948 2621 fletu
970 2563 1002 2620 et
1022 2551 1162 2632 silentio,
1197 2562 1269 2642 post
1289 2553 1400 2621 altaria
1421 2563 1453 2622 et
1474 2575 1562 2622 mam
1583 2575 1668 2621 com-

372 2742 374 2746 “
405 2740 433 2790 1.
452 2739 532 2789 scuit.
550 2738 588 2790 ll·
610 2763 639 2776 -
661 2734 687 2787 3.
706 2732 813 2789 reterri
829 2739 901 2802 magi
919 2737 957 2789 ll.
984 2760 1014 2774 -
1037 2736 1063 2790 t.
1083 2736 1169 2788 tortas
1185 2738 1297 2790 matous
1314 2738 1353 2789 tt.
1372 2761 1404 2775 -
1422 2739 1449 2790 5.
1467 2738 1562 2790 ratolti
1579 2739 1616 2791 11.
1635 2761 1666 2776 -

335 2821 439 2873 procos.
459 2806 517 2873 (ner
535 2803 731 2872 conpunctum)
749 2808 786 2860 tr.
814 2833 846 2846 -
872 2808 899 2859 d.
920 2808 977 2859 ode.
997 2807 1040 2859 ll:
1060 2821 1115 2859 occ.
1134 2808 1164 2860 B.
1194 2834 1225 2846 -
1253 2808 1362 2860 olendm
1378 2809 1506 2861 editiones
1521 2809 1560 2861 11.
1588 2831 1621 2846 -·
1638 2809 1666 2859 7.

338 2885 362 2932 et
380 2886 442 2944 quot
460 2879 498 2932 ll.
517 2879 647 2932 Mutaturn
676 2882 702 2929 tn
720 2879 782 2943 Agr.
802 2875 839 2943 (at
864 2891 916 2942 guo
935 2879 987 2930 tac.
1007 2878 1174 2939 Gronovius,
1205 2885 1231 2930 et
1256 2893 1308 2945 guo
1329 2884 1385 2928 tum
1403 2878 1573 2932 Doederlein.
1610 2878 1668 2930 lloc

338 2951 410 3014 guod
437 2952 561 3017 quoniam
589 2961 733 3011 pronomen
752 2955 809 3009 ert,
837 2960 953 3011 sequeus
972 2961 1034 3001 raro
1051 2952 1217 3011 coutunotto,
1245 2949 1290 3000 lte
1307 2948 1441 3002 otteudere
1459 2954 1568 3003 mtutme
1588 2949 1668 3002 dete

336 3017 427 3147 llll)-
436 3019 901 3153 ]‚,⁸,l,lll⁶lt,”·.'1l‚‘¹l“.iqllt
910 3020 1151 3155 aingem
1163 3032 1266 3141 'offelli
1282 3019 1582 3155 rnu'pe’rlellllltlline
1594 3022 1667 3144 iii

339 3188 368 3203 -
388 3163 502 3214 vidum
519 3174 572 3214 non
589 3173 641 3212 om.
661 3161 705 3220 11,
726 3166 756 3210 ut
774 3161 845 3224 arud
863 3160 1030 3216 Writtrsrum
1048 3167 1137 3213 narrat
1156 3161 1297 3214 Victorius.

336 3322 391 3370 tots
415 3318 574 3370 iudiciorum
590 3342 602 3354 ·
619 3341 632 3356 ·
647 3317 812 3369 duttsmur.
839 3339 872 3355 -
898 3318 983 3369 cood-
1020 3316 1081 3370 dam
1095 3324 1199 3382 “mous
1211 3318 1315 3371 aderrat
1326 3318 1457 3372 Soranum
1469 3318 1625 3371 accunndt.
1636 3338 1666 3354 -

335 3395 430 3463 diust]
457 3398 647 3451 condemnatur
666 3403 756 3458 essct,
786 3405 816 3449 ut
833 3396 863 3449 c.
883 3398 928 3449 11.
950 3423 979 3436 -
1019 3395 1263 3463 adcommodatum]
1290 3399 1398 3459 eutem,
1426 3413 1458 3452 er
1477 3412 1532 3463 ouo
1556 3399 1665 3463 glottam

333 3479 475 3540 protulerit
499 3474 648 3544 ingestum]
675 3480 703 3530 tn
721 3478 826 3538 lacem,
856 3484 887 3528 ut
904 3479 982 3540 otene
1018 3485 1135 3542 noaret
1146 3479 1241 3531 alendo
1255 3480 1340 3542 primo
1352 3481 1497 3533 rsdtttoner
1507 3482 1664 3539 muudum,

337 3557 391 3610 th.
411 3571 458 3621 uro
475 3557 555 3608 Aret.
574 3557 602 3609 6.
621 3557 697 3610 Suet.
716 3557 779 3609 Iter.
793 3557 847 3608 lits
866 3557 936 3623 guod
953 3558 982 3608 to
1019 3561 1079 3613 dstn
1098 3559 1205 3611 errdsrn
1223 3559 1351 3612 sedando.
1371 3585 1403 3598 -
1421 3573 1490 3627 grace
1506 3585 1519 3599 ·
1536 3586 1548 3598 ·
1564 3558 1664 3611 mut

336 3650 369 3689 se
384 3638 449 3689 urta
461 3639 581 3700 mimum
601 3641 687 3689 ortem
702 3636 861 3701 protulerat.
890 3636 981 3689 Laude
1018 3636 1140 3704 taceret]
1180 3639 1301 3703 Vutgsrts
1335 3641 1419 3703 ordo,
1453 3653 1534 3705 quem
1568 3640 1666 3703 sprertt

335 3719 437 3783 ingruit
453 3716 980 3783 simutrtgnttlcatlacstumcttocosum,
1018 3720 1145 3781 Tertius,
1174 3726 1259 3772 eust:
1289 3731 1359 3783 quos
1374 3721 1488 3772 ccrttats
1505 3743 1517 3755 ·
1533 3744 1545 3757 ·
1561 3717 1665 3770 mal·

336 3800 490 3862 neutiquam
516 3798 644 3849 irruesum
674 3797 756 3849 lutrae
780 3799 837 3849 atus
864 3809 979 3849 carmem
1018 3806 1141 3861 tousrut,
1168 3813 1223 3851 nost
1248 3804 1335 3850 torace
1357 3799 1435 3849 atiud
1457 3812 1539 3863 gaurs
1563 3805 1611 3852 tet.
1630 3819 1663 3834 -

336 3878 436 3931 Sensus
460 3886 517 3931 est:
547 3878 687 3930 Enimuero
703 3878 861 3930 Mammam
880 3877 981 3941 protus
1018 3879 1057 3931 De
1082 3893 1111 3932 rs
1136 3879 1223 3931 schol.
1250 3877 1343 3931 lursu.
1371 3878 1408 3939 d,
1427 3879 1496 3930 aasz
1527 3879 1663 3937 Fcetst,

335 3960 454 4009 motos
471 3971 540 4019 erre,
559 3969 642 4022 usque
658 3956 755 4020 fossori
776 3958 901 4008 cerostatis
920 3969 981 4008 cost-
1018 3953 1593 4024 gucddsfsrottpu111tcssgocttusr
1607 3957 1664 4021 pti

335 4038 448 4098 mum,
473 4039 518 4090 red
542 4039 607 4103 gato
621 4037 764 4100 protulerit
787 4038 923 4098 ingestum
948 4050 981 4086 oc
1017 4039 1154 4102 torcatum
1169 4038 1318 4104 ιιριιιῇωε,
1338 4038 1385 4101 gai
1400 4038 1486 4103 filiast
1502 4035 1664 4089 emmae

333 4124 475 4182 propterea
503 4118 647 4181 mortuam
670 4118 800 4179 gestuum
826 4117 980 4181 secuudum
1016 4119 1097 4174 resi,
1116 4131 1277 4183 qumquem
1294 4119 1349 4180 ipss
1365 4117 1402 4167 ad
1418 4118 1550 4184 aregiam
1567 4117 1663 4167 dism-

335 4195 430 4248 rtottda
446 4196 610 4262 affectantem
627 4196 749 4256 teuent,
775 4202 905 4248 retorres
923 4195 978 4261 ogi.
1017 4199 1080 4249 dam
1104 4204 1169 4249 estet
1192 4197 1331 4255 torretur,
1358 4195 1452 4248 &tulit
1478 4196 1588 4248 Neroni.
1625 4194 1664 4245 ot

337 4276 472 4329 antrum
492 4276 554 4337 ssd,
574 4281 604 4327 ut
620 4275 739 4340 Agr-37.
776 4276 821 4327 Sic
838 4275 893 4328 tere
911 4275 980 4328 Dos·
1017 4291 1096 4344 guum
1114 4278 1251 4330 commori
1268 4277 1511 4339 mpetratum
1528 4283 1599 4328 rste
1615 4274 1663 4326 ro

337 4356 454 4409 dartetur
486 4354 594 4407 tortasse
618 4362 706 4408 tamen
731 4355 876 4419 stmpltctus
900 4359 979 4407 ettrm
1017 4370 1098 4409 reuss
1119 4371 1149 4409 ex
1168 4360 1331 4409 correcttona
1350 4356 1509 4419 sclopano:
1528 4361 1554 4407 st
1570 4353 1662 4415 t,³dr

337 4450 378 4488 rs.
397 4436 494 4501 tameat
510 4435 637 4485 caminis
655 4438 746 4501 tungas
764 4435 856 4488 tttdem
875 4447 933 4487 cum
953 4448 979 4488 r·
1016 4437 1130 4502 nogat
1146 4433 1414 4500 deletoromtct]
1432 4435 1663 4487 cosmatem

337 4528 405 4577 ests,
430 4513 578 4579 annotando
597 4517 753 4578 cogttattous
770 4518 978 4579 mortuom.
1016 4517 1160 4583 amttam
1178 4515 1308 4576 Ceteram,
1337 4515 1442 4567 Burrus
1459 4515 1558 4566 Sorani
1580 4514 1663 4580 mgi—

336 4597 436 4658 Recte,
465 4598 577 4659 optnor.
606 4594 675 4646 Roth
703 4595 736 4646 ad
763 4595 825 4660 dgr.
851 4608 880 4659 p·
908 4595 978 4647 stt:
1016 4605 1117 4656 rtrum,
1135 4598 1182 4662 got
1198 4596 1285 4659 ipsum
1302 4595 1375 4658 epod
1386 4594 1513 4647 Nosses·
1530 4595 1623 4646 aare
1639 4600 1664 4646 st

338 4677 452 4727 euenor
474 4678 605 4740 gantttrus
622 4675 718 4739 [emeat
734 4675 860 4725 carminis
877 4676 981 4728 motttor
1015 4676 1173 4732 meavit,
1201 4682 1227 4728 st
1243 4677 1298 4740 ipss
1312 4681 1405 4739 posteo
1421 4674 1468 4725 aad
1489 4674 1662 4739 Vespasiano,

337 4757 368 4807 tit
385 4769 433 4820 per
451 4758 644 4818 cupostttouam
661 4753 695 4806 ad
713 4766 754 4806 rr.
770 4754 868 4816 moles
890 4757 981 4805 tuear
1015 4758 1101 4819 tureos
1117 4756 1240 4809 Musonio
1257 4755 1323 4820 fleto
1340 4760 1498 4814 monaste,
1521 4755 1663 4805 domata

337 4841 397 4892 tue,
426 4842 456 4887 ut
478 4836 549 4899 apud
575 4834 629 4887 Sal.
657 4833 714 4887 Cat.
740 4833 767 4885 ὅ.
787 4841 814 4884 at
830 4834 864 4886 'ts
896 4835 980 4886 ettam
1016 4843 1065 4888 sat.
1085 4860 1116 4874 -
1142 4831 1238 4900 ougo]
1265 4836 1334 4885 tntsr
1350 4835 1518 4889 coniuratort
1538 4834 1599 4887 rtds
1616 4835 1663 4896 15,

337 4921 478 4979 oppetam,
506 4918 547 4966 aust
567 4913 708 4978 mosum,
736 4919 763 4965 st
787 4914 875 4965 leudis
897 4916 979 4975 aoid,
1015 4918 1061 4969 71.
1082 4941 1111 4955 -
1130 4910 1603 4978 ctdrtmr]sttttpsr,nt15,2

336 4996 464 5059 prmius
481 4994 628 5045 litteratas.»
1051 4995 1095 5048 st.
1114 4994 1199 5047 cultm
1216 4990 1328 5058 mose]
1347 4993 1428 5046 Vides
1446 4994 1509 5045 hinc
1526 4995 1590 5045 tum
1607 5005 1661 5045 ma·

371 5074 416 5126 ³0.
441 5071 606 5141 ingreditur]
625 5076 740 5136 curtam,
757 5078 887 5129 senatum.
918 5075 982 5128 ttrat
1017 5088 1110 5141 gerum
1129 5074 1336 5127 consultattonas
1352 5078 1461 5139 proptu
1479 5077 1567 5136 tusum
1594 5076 1660 5139 pert-

338 5157 409 5209 entm
428 5166 509 5220 eques
521 5155 654 5208 dumtaxat
666 5155 887 5222 annecteretque
904 5154 980 5221 loris,
1017 5157 1125 5221 rmum,
1143 5154 1216 5222 quod
1233 5154 1418 5219 incurretmt,
1444 5152 1659 5210 renodatam·
