3620 5880
1383 402 1400 432 θ

331 497 396 563 art
635 476 637 480 '
726 496 913 564 coruum
933 499 1067 565 rectu
1087 499 1295 564 luuuruu

327 665 366 724 -et
384 676 503 743 urgens
524 655 707 724 dominatio.
745 677 817 724 nem
841 656 993 724 incolumi
1011 652 1149 742 Auguste
1171 666 1240 725 eret
1262 657 1367 726 adbuc
1385 656 1584 746 perfugium,
1598 655 1670 742 quir

332 772 461 837 Tiberio
491 769 701 837 inveteratum
730 791 806 855 erga
838 779 970 837 matrem
1005 769 1210 859 obsequium,
1240 792 1344 860 neque
1373 774 1507 837 Seianus
1538 768 1670 836 audebat

330 885 507 950 auctoritati
536 884 675 968 parentis
706 887 819 949 antiret
868 892 943 951 tune
962 884 1051 953 velut
1071 883 1169 950 irenis
1190 885 1326 951 exsoluti
1347 890 1576 969 proruperunt,
1599 885 1671 948 mis·

331 1017 448 1084 sesque
469 999 502 1062 in
522 996 726 1083 Agrippinam
747 1017 784 1062 eo
804 1002 961 1064 Neronem
984 998 1125 1075 litterae,
1145 1018 1224 1083 quas
1245 998 1367 1085 pridem
1399 997 1508 1063 alietas
1529 1005 1563 1062 et
1583 998 1671 1062 cobi-

306 1107 412 1176 tbites
433 1113 473 1175 ab
495 1113 636 1194 Auguste
655 1108 791 1176 credidit
811 1113 947 1194 vulgus:
970 1113 1056 1178 baud
1083 1114 1167 1177 enim
1197 1110 1329 1178 multum
1352 1119 1580 1197 postmortem
1603 1108 1670 1175 eius

326 1224 481 1290 recitatae
511 1232 595 1290 sunt.
647 1221 746 1290 rerba
774 1224 899 1288 inerant
920 1223 1061 1310 quaesita
1088 1226 1281 1307 asperitate:
1314 1226 1371 1290 sed
1393 1244 1457 1289 non
1479 1243 1582 1298 arma,
1606 1242 1669 1288 non

328 1350 437 1403 rerum
450 1356 606 1402 noverum
620 1335 776 1411 studium,
793 1356 917 1402 amores
938 1338 1089 1403 iuvenum
1110 1345 1142 1402 et
1162 1334 1380 1424 inpudicitiam
1401 1336 1512 1424 nepoti
1533 1333 1670 1401 obiecta·

328 1446 394 1517 bet.
432 1449 466 1516 iu
486 1466 602 1516 nurum
621 1470 662 1514 ue
683 1448 717 1515 id
739 1447 867 1535 quidem
889 1447 1069 1534 confingere
1090 1471 1204 1526 ausus,
1219 1448 1434 1534 adrogantiam
1455 1449 1521 1515 oris
1541 1456 1575 1514 et
1594 1469 1670 1514 oon·

328 1570 484 1629 tumacem
513 1563 653 1628 animum
682 1561 853 1638 incusavit,
889 1581 1004 1648 magno
1031 1570 1157 1642 senetur
1183 1583 1303 1650 perere
1331 1583 1369 1629 ec
1395 1562 1540 1637 silentio,
1568 1564 1669 1628 donec

289 1675 436 1763 arpenni,
451 1677 521 1764 quie
535 1674 622 1741 nulle
637 1695 678 1740 er
698 1678 832 1741 honesto
855 1695 927 1759 spes
942 1674 984 1760 (et
1015 1677 1142 1759 publica
1162 1675 1243 1741 mele
1264 1675 1396 1760 singuiis
1416 1675 1667 1741 iuoccasionsm

326 1793 445 1875 gratiae
466 1787 663 1873 uehuntur),
693 1794 730 1854 ut
751 1788 925 1883 retentetur
945 1787 1162 1872 postulavere,
1185 1787 1421 1875 promptissimo
1443 1791 1532 1854 Cotte
1553 1792 1668 1854 Messa·

326 1900 408 1976 lino,
438 1921 510 1970 cum
540 1903 639 1967 atroci
660 1903 827 1967 sententie.
863 1903 920 1968 red
942 1900 1011 1966 eliis
1032 1923 1051 1966 a
1073 1900 1282 1988 primoribus,
1305 1903 1507 1987 meximeque
1529 1921 1550 1966 a
1570 1900 1669 1985 magi·

326 2013 496 2092 stratibus,
519 2010 756 2102 trepidabatnr:
780 2013 897 2100 quippe
913 2011 1056 2080 'liberius
1078 2016 1136 2080 etsi
1157 2013 1279 2080 infense
1300 2016 1459 2088 invectus,
1475 2022 1582 2079 cetera
1602 2035 1668 2079 am·

325 2130 422 2214 bigne
443 2125 623 2215 reliqueret.
660 2125 700 2212 li)
722 2125 783 2193 fuit
803 2129 836 2193 in
858 2134 968 2193 senatu
989 2126 1098 2193 lunius
1119 2129 1280 2202 Rusticus,
1304 2128 1520 2213 conponendis
1541 2134 1664 2214 patrum

287 2239 403 2306 erectis
426 2240 566 2306 delectus
595 2241 786 2318 eCeesare,
818 2246 921 2327 eoque
954 2238 1174 2309 meditationes
1197 2242 1265 2307 eins
1287 2240 1495 2328 introspicere
1516 2239 1664 2306 creditum.

324 2351 464 2420 isleteli
485 2355 623 2440 quodem
650 2360 740 2420 motu
760 2356 877 2440 (neque
906 2353 991 2419 enim
1019 2362 1091 2419 ante
1120 2353 1279 2441 specimen
1308 2355 1502 2419 constantiae
1524 2351 1667 2431 dederet)

324 2486 387 2532 seu
402 2482 500 2554 prava
520 2464 678 2547 sollertia,
709 2468 784 2531 dum
806 2465 1036 2532 imminentium
1058 2464 1174 2531 oblitus
1195 2465 1314 2532 incerte
1335 2475 1444 2552 peret,
1467 2465 1609 2531 inserere
1632 2485 1666 2530 se

324 2572 552 2667 dubitantibus,
569 2601 606 2644 ec
628 2598 758 2645 monere
780 2577 924 2645 consules
946 2600 986 2647 ue
1007 2580 1193 2645 relationem
1214 2576 1408 2663 inciperent3
1430 2576 1666 2665 disserebatque

322 2694 476 2761 brevibus
498 2696 667 2759 momentis
688 2712 809 2757 summe
830 2691 928 2772 verti;
965 2713 1060 2776 posse
1089 2690 1313 2777 quendoque†
1346 2694 1542 2759 Germanicis
1562 2690 1667 2757 tilium

322 2892 326 2897 ·
391 2875 418 2927 e.
436 2875 526 2926 entire
543 2874 587 2926 lis
607 2875 708 2926 erttttre
725 2874 754 2924 tt.
771 2894 806 2913 ·-
822 2874 850 2925 d.
872 2873 972 2924 auctet
990 2872 1035 2923 it:
1054 2874 1163 2925 adletas
1181 2875 1212 2923 Β.
1231 2899 1263 2911 -
1281 2873 1309 2925 ’1.
1327 2875 1385 2936 inp.
1403 2874 1526 2937 bistrup.
1548 2873 1580 2925 Β.
1592 2899 1623 2911 -
1637 2872 1666 2924 8.

322 2944 493 3011 metretam
512 2946 551 2997 bl.
586 2945 742 2998 emendetit
769 2943 926 2996 Beroaldus.
954 2966 984 2982 -
1007 2944 1068 2995 eds.
1087 2944 1130 2995 ils
1150 2958 1207 2994 err.
1228 2945 1260 2995 Β.
1280 2969 1312 2985 -
1332 2947 1376 2994 11.
1393 2946 1556 3008 pottolsosrt
1574 2944 1611 2995 tt.
1633 2968 1666 2982 -

321 3019 366 3070 18.
384 3018 570 3082 morimurque
582 3015 621 3066 bl·
643 3040 678 3051 -
696 3016 740 3067 tt.
760 3029 836 3079 coep.
853 3012 897 3064 ll:
916 3028 1001 3078 comp.
1022 3015 1053 3064 Β.
1080 3039 1114 3051 -·
1141 3015 1185 3065 15.
1204 3015 1383 3066 mditntionls
1400 3016 1437 3066 li.
1459 3039 1490 3053 ·-
1511 3013 1554 3066 18.
1575 3027 1669 3065 coeam

321 3087 376 3138 teu
400 3088 441 3140 tt.
472 3110 500 3123 -
529 3085 574 3137 19.
592 3088 677 3146 cartl,·
693 3098 770 3148 porra
787 3086 943 3149 quandoque
961 3086 1081 3136 dlsttnrit
1099 3085 1233 3147 Writberr
1261 3087 1330 3136 certi
1344 3098 1438 3148 porse,
1457 3086 1615 3150 quaudoque
1632 3084 1667 3138 Β.

321 3159 519 3221 enascuntur
536 3163 598 3211 sunt
616 3163 644 3209 et
661 3155 749 3208 adbuc
767 3170 801 3210 ne
820 3156 992 3219 probsblilter
1009 3157 1120 3222 quidam
1137 3156 1171 3207 eb
1187 3156 1241 3208 uilo
1254 3160 1402 3211 restituta.»
1416 3158 1538 3209 ltrrrra.
1559 3155 1669 3208 Addam

320 3335 520 3397 importunitas
538 3343 587 3384 sua
605 3335 788 3382 conterrere·
810 3353 841 3367 -
864 3326 974 3394 argus]
1012 3329 1049 3382 bt
1066 3329 1234 3382 neoterium
1250 3331 1376 3396 mleque
1393 3331 1539 3383 ιιιιίιιιίίαι
1558 3334 1668 3381 nectem

319 3414 461 3474 absolute,
490 3419 522 3464 ut
548 3410 604 3463 Cic.
632 3410 712 3462 Ture.
741 3409 773 3465 ³.
798 3409 852 3461 2⁵2
883 3410 975 3474 opleta
1013 3435 1044 3472 ς-
1063 3422 1122 3460 ιιιιιι
1138 3411 1225 3461 atroci
1236 3408 1379 3476 sententia]
1396 3418 1478 3472 runt,
1496 3412 1543 3476 qut
1555 3412 1672 3474 iungant

318 3495 411 3560 moqed
446 3492 596 3556 praetentis
634 3495 714 3552 etque
747 3490 868 3555 meantia
897 3489 973 3539 matt·
1012 3501 1073 3541 cum
1095 3502 1121 3540 ι.
1147 3491 1367 3555 promptissimo,-
1397 3490 1470 3555 quod
1497 3504 1605 3550 vereor,
1637 3494 1672 3539 ut

320 3574 393 3638 virg.
413 3572 463 3629 de.
481 3572 518 3632 1,
543 3568 615 3622 idda
646 3569 722 3621 daris
738 3567 976 3635 ergastulantur
1011 3566 1134 3620 Latinum
1153 3573 1267 3633 sitpro:
1285 3572 1541 3633 innumerum,
1565 3583 1672 3623 e.serr·

318 3659 436 3718 sperma:
455 3663 563 3715 prorsus
581 3656 612 3700 ut
629 3661 696 3700 nost
721 3647 824 3715 seireff
835 3648 892 3698 uad
910 3646 974 3697 dro·
1012 3650 1118 3703 tertios.
1137 3649 1223 3702 immo
1242 3656 1297 3702 est:
1318 3654 1547 3715 «promptissimus
1563 3649 1615 3702 tnlt
1631 3651 1671 3705 sd

319 3731 408 3785 alred.
455 3733 540 3784 Recte
565 3727 746 3782 bordesleiae
774 3728 886 3792 «itaque
914 3733 974 3801 post
1012 3729 1217 3792 postulandum,
1237 3739 1268 3782 ut
1278 3732 1538 3795 terentiumque
1555 3733 1675 3792 iusuper

319 3812 456 3879 Augustae
483 3816 595 3863 mortem
624 3815 652 3861 st
677 3808 816 3861 clementie
843 3808 972 3861 dtmlnuta
1012 3813 1071 3873 ipre
1087 3818 1205 3863 atrocem
1224 3813 1484 3867 dlrltssntsnttam.s
1504 3838 1534 3850 -
1548 3812 1675 3874 trepida·

320 3900 362 3948 ert
385 3903 413 3947 et
436 3892 579 3945 cmdelttat
598 3895 704 3942 aucit-⁸
733 3913 763 3926 -
794 3883 906 3951 minat]
939 3886 972 3938 td
1011 3889 1101 3953 betur]
1130 3898 1220 3944 «metu
1250 3896 1339 3954 cepti,
1369 3895 1462 3944 locerti
1488 3892 1674 3953 beeritsbsnt,

320 3980 442 4028 acastum
460 3979 541 4036 atque
560 3974 589 4023 iu
607 3983 639 4023 ao
652 3970 787 4023 raettrtre.
805 3991 833 4005 ·-
861 3965 972 4032 adstes]
1012 3983 1154 4036 quousque
1169 3971 1371 4034 procederent.»
1400 3970 1454 4022 Cir.
1468 3984 1527 4023 mox
1540 3971 1676 4024 dubitara-

319 4056 354 4109 ad
366 4052 507 4112 eonsules,
525 4064 586 4105 mor
604 4056 692 4103 umen
710 4052 818 4112 propter
836 4046 972 4113 Augustae
1012 4051 1091 4103 titus.
1113 4076 1142 4089 -
1163 4048 1260 4115 cetero]
1281 4052 1382 4115 «qnid,
1401 4058 1432 4102 ut
1451 4054 1479 4104 ln
1492 4052 1675 4115 Agrippinum

319 4135 537 4187 intercessionem
556 4144 600 4184 ear
617 4132 729 4182 recitare
747 4129 851 4180 vetitos.
870 4152 904 4163 -
932 4129 974 4178 te·
1012 4136 1040 4183 et
1054 4130 1188 4182 Neronem
1206 4145 1222 4183 a
1239 4136 1333 4183 senatu
1346 4131 1551 4194 decerneretur,
1570 4145 1675 4198 nespas

319 4208 432 4276 naemu]
465 4213 510 4274 qut
535 4211 600 4263 llere
623 4209 754 4262 tetntutae
772 4207 885 4263 Neronis
912 4220 973 4260 cum
1011 4210 1118 4264 veltet.»

320 4296 405 4357 lpaius
423 4293 558 4346 roluutete
576 4289 717 4342 ilbidlnoas
736 4289 919 4342 sbutsrentur.
940 4314 973 4327 -
1045 4290 1073 4342 l·
1085 4285 1163 4354 actia]
1175 4290 1224 4350 15,
1240 4290 1292 4340 tue
1314 4291 1619 4343 rememoreramus
1630 4293 1677 4345 dt·

321 4373 514 4436 &repentium
546 4367 619 4434 οιίι]
650 4368 833 4432 impudentem
862 4370 974 4420 eliseus·
1012 4378 1125 4429 ceatur,
1147 4368 1396 4432 Seentrprotelrotle.
1425 4369 1520 4421 Totum
1534 4375 1676 4425 rationem

319 4461 431 4516 tamque
451 4452 583 4504 licentiam
601 4452 628 4501 ln
643 4448 777 4515 loquendo
790 4455 870 4513 atque
884 4452 973 4501 omnis
1010 4454 1268 4503 rsriorurnactorurn
1278 4450 1444 4515 publicorum
1452 4450 1676 4519 diurnorumque

319 4533 551 4600 reprehendendo.
566 4555 597 4569 -
618 4527 972 4595 etpublteentreitenter]
1011 4531 1149 4582 iliustrertt
1167 4529 1205 4584 Le
1224 4529 1299 4581 Clerc
1325 4530 1525 4594 deajoemese
1550 4530 1613 4581 etas
1635 4534 1678 4586 tea

318 4617 380 4670 itott
398 4615 465 4667 baec
482 4617 591 4677 iungere
609 4621 668 4663 curn
682 4608 903 4673 praecedentibus
915 4611 974 4674 quta
1010 4610 1148 4663 ltontotnr.
1171 4609 1261 4661 Poris·
1280 4609 1359 4661 1888.
1379 4631 1412 4645 -·
1429 4623 1518 4674 meato
1532 4610 1676 4678 soturtie]

320 4703 393 4755 cet:
424 4697 465 4745 ert
490 4694 561 4744 enim
588 4689 716 4754 generalla
744 4691 875 4742 nutantis
903 4702 971 4751 pro:
1010 4692 1134 4743 Attamen
1152 4692 1307 4745 innocentes
1326 4702 1484 4743 consecrare
1503 4690 1676 4745 conabstur.

318 4776 393 4829 neat
409 4773 503 4824 soleat.
524 4771 619 4823 contra
638 4772 685 4834 qul
704 4771 832 4832 iungunt,
861 4772 900 4822 sle
918 4768 973 4822 lere
1009 4770 1091 4822 lister
1108 4771 1188 4833 igitur
1204 4770 1238 4820 sd
1251 4769 1357 4823 lunium
1375 4772 1478 4831 ipsusne
1496 4772 1678 4825 «inconside-

319 4859 546 4918 interpretantur,
570 4856 600 4902 nt
617 4847 682 4901 tecit
699 4847 856 4900 Lousndrer
881 4847 970 4914 Eudo,
1008 4854 1065 4901 rata
1083 4856 1111 4901 et
1128 4852 1156 4900 lu
1173 4852 1256 4910 ipsius
1273 4848 1384 4902 tortasse
1397 4850 1507 4905 aritium
1520 4862 1636 4905 curura
1646 4867 1677 4914 :r

319 4935 443 5002 quelques
454 4945 529 4984 ·atttt
545 4931 577 4982 de
594 4942 635 4981 ess
650 4928 762 4980 lommea
773 4926 903 4992 quelc'oet
913 4929 973 4979 rtet
1009 4933 1057 4983 etri
1078 4936 1214 4993 praeterea
1232 4929 1300 4981 nibil
1317 4930 1350 4982 de
1368 4941 1403 4980 eo
1420 4934 1532 4982 couatat.
1551 4956 1586 4968 -
1617 4934 1679 4983 tna·

320 5011 462 5078 dtrplrsr
477 5013 523 5065 ,do
547 5010 619 5065 itte,
647 5015 672 5059 et
695 5010 751 5073 qut,
767 5007 912 5072 reputent
934 5021 972 5059 eo
1007 5005 1179 5072 sementiam]
1211 5009 1282 5060 Maia
1307 5013 1457 5073 praesentia
1488 5015 1515 5060 et
1544 5012 1680 5072 pertenta

319 5082 402 5160 propit
426 5092 458 5142 de
476 5091 533 5147 leur
550 5087 635 5140 ertdtt
655 5088 697 5142 tes
712 5086 844 5138 ιιιιιίίιοιινι
859 5086 970 5149 publice.
1008 5090 1115 5152 negligit
1133 5103 1195 5151 pree
1214 5089 1319 5143 tuturis.
1356 5090 1419 5141 Plus
1436 5090 1680 5149 rclttcettlmebst

319 5168 506 5231 domm
524 5164 694 5223 esteten.
707 5190 740 5205 -
753 5162 843 5232 cotto]
858 5166 929 5222 dou.
942 5167 971 5230 d,
1007 5168 1042 5223 ab
1059 5168 1203 5239 bersdtbttt
1229 5166 1376 5237 (Nereus),
1410 5183 1477 5237 quos
1495 5169 1675 5241 destineat,
