3582 5882
527 424 646 495 LIBER
665 423 708 495 ΙΙ.
753 423 826 511 Cap.
848 423 900 490 76.
921 424 978 505 77.
999 424 1051 491 78.
1068 424 1128 507 aa.
1442 427 1503 495 135
1596 418 1601 429 ’

168 583 235 655 tiam
256 581 406 664 trabitnm
427 582 594 672 missisque
615 581 656 650 ad
676 580 838 651 Tiberium
860 582 1002 671 epistulis
1023 585 1147 652 incusat
1169 584 1389 653 Germanicum
1409 584 1503 653 luxus

168 706 196 767 et
214 695 398 784 superbise;
421 718 521 785 seque
541 696 685 783 pulsum,
708 704 745 764 ut
764 695 853 763 locus
867 700 964 764 rebus
979 699 1069 764 novis
1083 695 1264 783 patefieret,
1287 718 1395 765 euram
1411 722 1504 766 exer·

167 811 240 881 citus
260 810 372 878 eadem
392 809 455 877 fide
477 831 539 897 qoa
560 813 697 879 tenuerit
718 812 915 895 repetivisse.
938 810 1031 878 simul
1051 811 1225 878 Domitium
1256 813 1426 899 inpositum
1448 815 1505 879 tri·

166 924 239 993 remi
257 927 358 993 utare
377 923 507 993 litorum
528 944 617 992 oram
638 932 828 1013 praeterque
850 923 968 991 insulas
988 921 1053 991 lato
1074 926 1156 991 mari
1177 946 1313 1011 pergere
1329 928 1363 991 in
1377 926 1503 994 Suriam

164 1037 256 1109 iubet.
291 1046 518 1109 concurrentes
549 1039 728 1127 descrtqree
756 1058 815 1123 per
853 1036 1031 1125 manipulos
1064 1037 1230 1122 conponit,
1267 1047 1368 1106 armat
1400 1038 1499 1119 bras,
1526 1065 1539 1108 s

164 1151 361 1239 traiectisque
381 1154 417 1218 in
438 1151 652 1221 continentem
673 1149 806 1219 navibus
828 1150 979 1218 vexillum
1001 1150 1141 1219 tironum
1161 1151 1196 1217 in
1219 1151 1342 1219 Suriam
1360 1157 1502 1221 euntium

163 1265 334 1351 intercipit,
357 1265 477 1352 aequalis
498 1265 631 1333 Cilicum
652 1274 688 1333 ui
708 1287 743 1333 se
765 1265 889 1333 auxiliis
910 1267 1053 1331 iuvarent
1073 1263 1196 1342 scribit,
1218 1264 1304 1331 baud
1323 1267 1438 1350 ignauo
1460 1270 1502 1335 ad

162 1378 330 1446 ministeria
350 1376 427 1447 belii
447 1383 561 1447 iuvene
581 1378 715 1457 Pisone,
740 1399 930 1467 quamquam
945 1376 1181 1463 suscipiendum
1195 1377 1315 1445 beilum
1330 1376 1501 1447 abnuisset.

163 1489 218 1576 (79)
239 1492 339 1577 igitur
360 1513 450 1560 oram
470 1495 584 1579 Lyciae
605 1513 643 1560 ac
663 1492 865 1582 Pamphyliae
886 1491 1120 1580 praelegentes,
1143 1491 1245 1559 obviis
1267 1489 1400 1559 navibus
1419 1513 1501 1580 quae

161 1607 360 1693 Agrippinam
374 1605 546 1687 vehebant,
572 1606 727 1695 utrimque
745 1604 860 1672 infensi
874 1627 962 1673 arma
976 1605 1080 1691 primo
1095 1604 1280 1693 expediere:
1303 1604 1378 1672 dein
1391 1614 1500 1674 mutua
1509 1631 1538 1679 ao

160 1717 325 1787 formidine
346 1740 412 1786 non
432 1719 513 1787 ultra
534 1720 671 1807 iurgium
693 1740 877 1807 processum
901 1727 963 1795 est,
993 1723 1179 1805 Marsusque
1205 1720 1316 1787 Vibius
1346 1722 1502 1788 nuntiavit

160 1832 279 1911 Pisoni,
311 1836 442 1899 Romam
464 1832 691 1900 addicendam
714 1854 841 1899 causam
863 1835 998 1900 renuet.
1036 1832 1089 1900 iile
1111 1830 1241 1900 eludens
1262 1834 1426 1920 respondit
1446 1838 1502 1901 ad-

158 1944 315 2023 iuturum,
336 1948 391 2013 ubi
411 1954 559 2034 praetor,
582 1949 637 2035 qui
659 1949 699 2014 dc
720 1945 880 2013 veneficiis
901 1953 1084 2035 quaereret,
1114 1965 1171 2012 reo
1195 1953 1289 2032 atquc
1311 1951 1502 2016 accusatori-

159 2057 215 2127 bns
235 2059 323 2127 diem
344 2059 546 2145 predixisset.
566 2060 694 2129 interim
716 2059 872 2127 Domitius
886 2059 1068 2126 Laodiciam
1083 2056 1197 2128 urbem
1211 2059 1323 2127 Suriae
1337 2061 1499 2149 adpulsus,

159 2194 226 2241 cum
246 2172 383 2241 hiberna
403 2181 512 2241 sextas
532 2174 666 2261 legionis
691 2181 830 2262 peteret,
865 2170 952 2258 quod
979 2194 1049 2240 eam
1077 2174 1214 2240 maxime
1241 2173 1333 2242 nouis
1362 2175 1537 2253 consilinm

158 2289 305 2354 idoneam
334 2290 479 2364 rebatur,
513 2309 532 2353 a
559 2287 697 2354 Pacuvio
724 2290 826 2374 legato
857 2290 1084 2374 praevenitur.'
1104 2285 1138 2353 id
1167 2286 1292 2354 Sentius
1314 2287 1421 2355 Pisoni
1443 2309 1502 2376 per

158 2400 274 2468 litteras
304 2399 419 2486 aperit,
455 2410 626 2488 monetque
655 2423 694 2468 ne
720 2409 820 2469 castra
842 2398 1100 2490 corruptoribus,
1134 2423 1175 2466 ne
1196 2400 1393 2488 provinciam
1414 2401 1501 2470 bello

158 2524 263 2584 tantm.
300 2537 445 2606 qnosqua
468 2515 645 2583 Germanioi
666 2535 824 2582 memores
845 2522 900 2581 aui
921 2513 1057 2581 inimicis
1079 2515 1148 2580 eius
1169 2518 1322 2581 adversos
1343 2535 1502 2602 cognove-

206 2783 232 2835 a.
252 2787 312 2849 inp.
332 2783 379 2837 iis
398 2786 462 2848 imp.
482 2784 514 2835 Β.
538 2809 573 2824 -
590 2784 617 2835 i.
637 2784 748 2835 litorum
764 2783 813 2836 bl:
835 2784 954 2834 tiliorum
971 2782 1003 2835 Β.
1024 2807 1056 2820 -
1075 2778 1142 2846 into]
1161 2784 1217 2834 olto
1229 2782 1313 2846 Ltpsti
1326 2785 1452 2846 suspicio.
1467 2807 1499 2823 -·

155 2855 181 2908 5.
198 2855 343 2919 sacnti:
363 2869 448 2920 comp.
468 2855 501 2905 Β.
523 2881 553 2892 -
567 2856 595 2906 7.
608 2856 704 2921 iqncw
717 2855 755 2907 Μ.
773 2879 800 2891 -·
815 2854 841 2904 8.
858 2855 1012 2906 minestsrs'a
1027 2853 1067 2906 Μ.
1089 2879 1118 2892 -
1139 2855 1184 2906 10.
1203 2856 1337 2917 utrimque
1355 2856 1399 2906 bl:
1413 2857 1502 2906 utrin-

155 2940 203 2991 qua
228 2926 261 2975 Β.
287 2951 320 2962 -
349 2926 392 2977 11.
419 2926 530 2977 vibimus
557 2925 602 2984 Μ.
635 2925 742 2976 Vibinus
763 2924 919 2980 Beroaldus.
954 2924 1073 2976 Correxit
1100 2925 1253 2977 Rhenanus.
1276 2948 1305 2961 -
1325 2927 1443 2976 satiavit
1460 2926 1498 2978 Μ.

157 3023 183 3032 ·-
211 2998 257 3048 12.
292 2998 349 3063 udi.
376 2997 423 3049 bis
454 2998 500 3064 aff.
529 2997 560 3045 Β.
589 3023 622 3033 -
647 2997 690 3047 iti.
713 2995 939 3058 prodtaissstbi,
971 3002 1002 3046 ut
1020 2995 1144 3048 solebant
1160 2997 1280 3049 Muretus
1299 3000 1326 3046 et
1342 2996 1498 3048 Acidaliae:

151 3069 332 3130 promimus
357 3079 416 3118 cuna
437 3068 505 3118 lind.
526 3067 650 3117 omnibus
667 3066 701 3116 Β.
720 3066 837 3117 Alterum
860 3081 884 3118 s.
906 3067 1050 3130 legitimum
1070 3073 1110 3117 est
1127 3070 1155 3117 in
1172 3080 1202 3118 re
1220 3066 1348 3118 iudiciali.
1367 3066 1420 3117 Cis.
1441 3067 1500 3118 Lis.

154 3139 179 3200 i,
197 3138 243 3189 tii.
262 3138 423 3191 Alsabsisit.
444 3139 569 3200 Exempla
582 3146 674 3189 contra
692 3151 716 3189 s.
728 3139 882 3199 praedicare
900 3149 969 3199 quas
987 3137 1103 3189 atterunt
1114 3139 1153 3191 'es
1170 3137 1241 3188 bon.
1261 3138 1294 3209 Β.
1308 3138 1334 3189 ti.
1352 3142 1379 3188 st
1396 3136 1441 3195 ta,
1454 3138 1499 3189 aa.

154 3208 264 3260 sueton.
297 3208 392 3260 Claud.
414 3209 441 3260 8.
470 3213 558 3259 omnia
586 3213 667 3272 petits
693 3215 756 3260 sunt
782 3220 812 3259 er
840 3222 868 3260 re
895 3209 1011 3258 militari.
1040 3234 1070 3246 -
1093 3209 1181 3261 liabst
1197 3209 1354 3258 Laodiciam
1371 3207 1411 3261 Μ.
1429 3211 1500 3260 Ante

153 3278 306 3332 Baliarum
325 3280 496 3331 moniacam·
516 3304 548 3317 -
567 3279 663 3342 suriae
680 3279 707 3330 b.
722 3279 739 3331 i.
759 3279 803 3341 Μ,
823 3291 903 3342 supra
916 3278 1059 3343 aliquoties
1075 3278 1168 3333 serm.
1182 3301 1216 3315 -
1228 3279 1338 3342 cassim
1350 3281 1410 3341 (sic)
1421 3279 1460 3331 Μ.
1470 3301 1500 3318 -

154 3351 196 3403 ¹50
214 3351 335 3416 uum
351 3351 391 3403 Ma
413 3374 442 3388 ⁸¹
462 3351 507 3402 ¹8·
527 3357 633 3414 mmet
650 3351 689 3401 Ma

153 3601 184 3641 as
207 3602 296 3653 propa
323 3588 424 3641 indicta
450 3602 529 3642 causa
554 3589 738 3643 condemnaris
765 3586 806 3643 sbi
844 3596 901 3643 tora
921 3589 992 3642 iiiam
1005 3593 1137 3644 actionem
1156 3591 1207 3645 sibi
1226 3592 1329 3647 inundl
1342 3607 1395 3647 non
1410 3608 1497 3658 possa.

151 3671 245 3723 sitium
273 3671 407 3732 supplicio
431 3670 587 3723 eliciendus
606 3671 759 3724 scissitans
780 3674 806 3723 in
843 3671 883 3722 lta
900 3671 983 3723 buius
1001 3672 1050 3723 ioci
1070 3685 1177 3725 sensam
1195 3679 1273 3726 acuta
1286 3675 1414 3737 explicuit
1426 3676 1500 3729 Wei-

152 3752 259 3803 sstilnnr
273 3750 441 3813 patientius«
457 3776 487 3788 -
500 3747 672 3814 conscicntia]
689 3758 715 3802 ts
734 3764 805 3802 man·
844 3751 918 3802 chius
937 3751 970 3801 ati
990 3750 1078 3815 sinric.
1099 3764 1127 3814 p.
1145 3753 1206 3803 1⁵8.
1226 3753 1348 3806 narrar.
1374 3757 1499 3810 Attamen

103 3846 109 3859 ·
152 3830 211 3883 ists
236 3843 290 3881 sna
319 3838 472 3883 enecatum
491 3844 559 3884 essa·
585 3857 615 3869 -
645 3828 805 3895 iactantius]
845 3846 892 3896 pro
911 3844 953 3883 ss.
965 3832 1048 3894 proba
1065 3832 1164 3884 sciebas
1177 3846 1267 3895 pones
1288 3838 1383 3889 smmis
1396 3837 1499 3889 Tiberii

151 3914 187 3962 its
206 3916 238 3961 ut
257 3923 352 3962 ornnes
378 3923 470 3962 eorum
493 3911 647 3962 simulatum
673 3922 705 3962 ac
723 3923 805 3975 propa
844 3911 925 3964 tasori
945 3911 1101 3974 confidens,
1128 3913 1288 3976 sperabam
1320 3929 1373 3983 qua
1399 3923 1426 3969 tn
1451 3931 1498 3981 sps

151 3991 263 4041 nimiu·
283 4004 431 4043 maerorem
448 3991 669 4043 animadvertant.
844 3992 984 4042 frustratus
1002 3998 1051 4043 sst.
1072 4005 1096 4043 s·
1110 3992 1144 4055 Β,
1164 3994 1209 4044 tt.
1231 4007 1307 4058 seqq·
1328 4022 1360 4034 -
1380 3998 1421 4049 bd
1435 3998 1498 4051 ieet.

183 4070 228 4121 78.
260 4066 328 4134 loto]
347 4069 449 4122 Censeo
468 4071 573 4123 tolerari
593 4072 643 4124 boc
662 4085 738 4134 possa
757 4074 804 4131 ita,
840 4069 1034 4136 moedicissst]
1060 4073 1226 4127 Ernestiuss
1245 4076 1371 4129 Nonnulli
1398 4079 1500 4130 maius·

151 4156 180 4200 ut
196 4150 350 4215 signidem,
383 4150 446 4201 «ubi
472 4165 502 4203 ss
528 4152 621 4204 insulis
645 4166 699 4204 non
719 4158 807 4215 posset
844 4159 905 4204 runt
922 4152 1100 4214 proconissos,
1122 4154 1194 4217 qued
1213 4163 1254 4209 est
1273 4160 1398 4209 usitatum
1417 4166 1445 4212 st
1462 4160 1501 4210 ia·

151 4233 271 4293 conspici
298 4243 389 4292 nequa
415 4231 448 4281 ab
473 4232 566 4283 incolis
604 4233 695 4283 Sardo
731 4245 806 4295 prse-
843 4232 1497 4298 gitimuminbaereserbum,utomnessciunt.

150 4314 270 4362 nunuasl
296 4313 354 4363 aius
375 4314 528 4372 reseratam
557 4313 614 4370 sei.
644 4319 674 4363 ut
692 4313 808 4376 espiicst
844 4312 897 4363 seo
919 4314 1026 4374 quiaet
1046 4312 1108 4364 stibi
1128 4315 1268 4369 inhaere
1283 4318 1500 4380 praedicatere-

149 4389 299 4443 lioebner:
331 4390 448 4441 «insulis
485 4395 512 4443 in
542 4392 624 4444 tatere
661 4395 804 4452 omissis;s
844 4394 947 4454 peritur
966 4395 993 4443 in
1015 4391 1088 4444 libris
1108 4393 1208 4456 Taciti,
1228 4401 1354 4461 utsupra
1373 4398 1404 4450 C.
1424 4399 1451 4451 6.
1472 4404 1500 4451 et

150 4482 316 4534 quamquam
335 4469 419 4521 iactits
438 4483 501 4522 sane
521 4479 562 4523 est
574 4473 656 4535 Lipsii
671 4477 806 4525 coniectu·
843 4472 952 4525 sesbum
974 4473 1123 4535 significare
1143 4474 1214 4526 iciam
1234 4484 1337 4539 potest,
1356 4479 1421 4530 nibli
1440 4493 1498 4530 sau·

150 4565 178 4603 rs
204 4552 275 4601 otta
296 4574 328 4587 -
348 4551 447 4614 repetis
471 4549 597 4616 cilicum]
627 4554 757 4605 Videntur
775 4557 805 4614 ii,
843 4553 961 4603 tandum.
981 4552 1056 4604 Idem
1075 4553 1215 4606 ridebatur
1232 4557 1368 4610 Dsslenb.
1388 4558 1420 4609 sd
1440 4561 1496 4609 Lis.

149 4635 195 4696 qni
211 4637 276 4694 post
287 4631 464 4693 Philopatoris
483 4634 551 4697 regis
564 4639 675 4685 mortam
695 4632 735 4692 (C.
749 4634 806 4698 ts.)
842 4622 877 4693 2',
905 4633 970 4691 ab,
988 4633 1043 4684 -ubi
1070 4647 1118 4696 pro
1142 4635 1198 4685 diss
1217 4638 1341 4700 prodictu
1359 4638 1418 4688 iibri
1438 4641 1498 4700 qui·

150 4713 258 4776 aiiqnss
278 4711 386 4762 cilicias
404 4718 491 4774 partes
510 4713 560 4763 sibi
579 4713 757 4766 subiecerant.
844 4713 904 4764 dam
923 4712 1013 4764 itidem
1033 4713 1132 4766 babent
1146 4717 1298 4779 proedicto.
1316 4718 1352 4769 At
1364 4731 1437 4770 nuno
1455 4733 1496 4772 so·

181 4794 228 4845 79.
260 4796 390 4853 pressior.
408 4793 453 4856 qui
470 4792 805 4860 somnesassqoaerms]
844 4793 968 4858 quendus
997 4801 1054 4846 erat
1079 4794 1145 4847 Coti.
1165 4797 1238 4849 bled.
1270 4824 1301 4835 -
1325 4797 1495 4864 Laodiciam]

112 4908 116 4915 .
148 4871 230 4923 ictio
250 4872 373 4924 sansacu
393 4884 445 4923 non
464 4885 479 4923 a
499 4881 621 4935 praetore
638 4876 665 4925 in
684 4874 757 4935 ioro,
776 4884 806 4926 at
843 4875 934 4927 Piures
953 4871 1025 4938 (xl.)
1046 4875 1121 4928 luere
1140 4877 1301 4936 Laodiciam
1326 4878 1373 4929 ssd
1393 4880 1435 4929 bic
1454 4884 1494 4933 in·

147 4953 234 5005 tinen
262 4965 290 5003 re
316 4950 440 5013 publica,
468 4953 514 5003 sed
534 4954 606 5014 apud
626 4961 714 5017 patres
732 4968 806 5019 prae·
844 4956 988 5020 teiiiqitus,
1014 4968 1082 5020 quaa
1111 4958 1137 5007 in
1157 4960 1336 5018 promontorio
1355 4958 1494 5015 seditiosis

147 5041 224 5084 unte
238 5032 351 5084 Tiberio
371 5031 541 5085 tractabatur.
564 5033 625 5084 Piso
643 5036 723 5099 igitur
741 5037 804 5087 dum
844 5048 896 5088 non
922 5035 999 5100 tonse
1017 5036 1051 5088 ab
1070 5036 1176 5088 Orontis
1204 5038 1271 5087 ostio
1299 5043 1326 5089 ct
1354 5037 1413 5090 iuco
1442 5042 1497 5094 Da-

148 5112 216 5166 bssc
243 5113 326 5165 iactat
351 5109 461 5165 studens
479 5113 562 5177 probs
580 5114 681 5167 saisias
697 5129 713 5168 a
730 5129 805 5181 pras·
844 5117 978 5180 pbnensi,
998 5129 1067 5181 quaa
1084 5115 1167 5168 iibsro
1183 5114 1270 5167 Plinio
1290 5116 1325 5168 ii·
1338 5117 1373 5173 it.
1392 5120 1429 5183 b,
1449 5122 1494 5177 70.
