3620 5880
518 487 638 552 unna
658 486 711 558 1v.
755 486 827 573 cap.
850 486 903 552 os.
926 487 979 551 sa.
1003 486 1056 551 ro.
1080 488 1132 552 rr.
1425 478 1488 549 atr

152 658 355 733 congressus,
378 644 565 734 conloquia,
589 651 684 712 notae
704 647 895 734 ignotaeque
922 656 1015 711 aures
1035 643 1146 724 ritari3
1169 644 1265 709 etiam
1285 649 1373 710 mota
1394 648 1489 730 atque

150 760 301 838 inanima,
315 768 433 827 tectum
446 768 478 827 et
491 759 628 848 parietes
642 742 993 844 circumspectabantnr.
1032 754 1093 841 (70)
1116 755 1171 822 sed
1186 757 1302 823 Caesar
1322 756 1488 822 sollemnia

151 871 328 957 insipientis
356 872 430 939 anui
458 871 601 939 kalendis
623 874 776 938 hnuadis
804 871 936 958 epistula
957 876 1122 958 pronatus,
1145 869 1241 936 vertit
1261 871 1295 933 iu
1317 868 1487 948 Sabinum,

150 993 316 1072 corruptos
337 985 489 1072 quosdam
512 984 696 1052 libertorum
718 990 750 1051 et
770 986 905 1070 petitum
927 1005 960 1050 se
982 1000 1133 1070 arguens,
1161 984 1377 1070 ultionemque
1403 978 1487 1047 baud

151 1096 284 1165 obscure
306 1097 470 1184 poscebat.
507 1119 566 1166 uer
587 1119 678 1165 mora
699 1098 775 1186 quin
798 1100 1036 1178 deeemeretur3
1060 1104 1092 1163 et
1111 1096 1294 1163 trahebatur
1315 1097 1511 1171 damnatum

149 1220 298 1300 quantum
330 1211 466 1280 obducta
492 1219 578 1280 veste
606 1218 638 1278 et
669 1213 824 1278 adstrictis
851 1210 994 1278 faucibus
1015 1210 1073 1276 niti
1094 1216 1237 1295 poterat,
1261 1208 1422 1275 clamitans
1443 1206 1489 1274 sio

149 1324 438 1402 ineboari'annnm,
451 1327 509 1392 bas
524 1328 639 1392 Seiano
661 1325 804 1391 victimas
825 1327 950 1390 eadere.
988 1344 1051 1411 quo
1073 1323 1258 1389 intendisset
1280 1321 1408 1398 oeulos,
1424 1341 1488 1408 quo

149 1442 246 1505 verba
267 1438 464 1517 acciderent,
488 1437 579 1524 iuga,
603 1441 747 1517 rastitas3
778 1437 881 1504 deseri
901 1437 1031 1514 itinera,
1055 1434 1132 1506 iore.
1178 1442 1210 1500 et
1231 1435 1359 1523 quidam
1381 1452 1489 1520 regre·

151 1550 317 1618 diebantur
337 1553 596 1638 ostentabantque
617 1570 651 1618 se
673 1570 816 1628 rursum,
838 1549 996 1635 idipsum
1018 1555 1168 1634 parentes
1190 1547 1276 1636 qnod
1296 1547 1486 1613 timuissent.

149 1684 240 1753 quem
269 1665 353 1732 enim
375 1665 461 1732 diem
481 1685 614 1731 vanuum
643 1683 764 1748 poena,
794 1665 851 1729 ubi
878 1662 963 1728 inter
983 1682 1072 1728 saera
1092 1669 1124 1728 et
1145 1670 1235 1739 vota,
1259 1681 1323 1751 quo
1345 1669 1527 1748 temporem

149 1777 255 1844 verbis
283 1779 378 1843 etiam
406 1776 546 1865 profanis
567 1779 717 1842 abstineri
738 1796 807 1842 mos
829 1783 928 1852 esset,
950 1777 1053 1842 vinela
1075 1783 1107 1841 et
1127 1775 1256 1863 laquens
1277 1776 1488 1842 induenntnrt

51 1938 54 1946 -
147 1910 210 1957 non
231 1889 455 1976 inprudentem
478 1888 639 1956 Tiberium
666 1896 783 1954 tautam
811 1888 963 1955 invidiam
991 1886 1116 1955 adisse:
1151 1888 1328 1977 quaesitum
1349 1889 1488 1955 *medita
1547 1896 1550 1903 ’

146 2011 277 2089 tumque
293 2025 332 2069 ne
347 2005 423 2091 quid
437 2003 592 2091 impedire
606 2005 754 2068 credatur
768 2022 832 2089 quo
854 2004 957 2067 minus
977 2002 1054 2068 nori
1075 2005 1288 2088 magistratus,
1304 2020 1369 2088 quo
1389 2003 1487 2068 modo

148 2115 278 2182 delubra
300 2123 332 2181 et
353 2116 481 2193 altaria,
498 2118 542 2180 sin
557 2134 715 2182 narsetem
730 2113 903 2181 recludant.
941 2122 1066 2182 secutae
1087 2117 1220 2202 insuper
1240 2114 1363 2182 litterae
1385 2096 1489 2202 grates

145 2228 268 2314 agentis
289 2232 375 2317 quod
404 2230 564 2294 bominem
585 2227 743 2295 infensum
771 2228 818 2294 rei
847 2227 991 2316 publicae
1012 2228 1224 2316 punivissenb
1245 2229 1371 2295 adiecto
1391 2230 1527 2315 tropi-rr

146 2344 219 2407 dam
241 2342 303 2408 sibi
323 2341 438 2419 ritum,
462 2351 624 2426 suspectas
650 2340 850 2408 inimieorum
871 2340 1021 2419 insidias,
1044 2341 1133 2408 nollo
1155 2342 1339 2408 nominatim
1360 2343 1490 2430 eonpel·

144 2453 228 2536 lato;
253 2476 356 2541 neque
378 2463 483 2521 tamen
505 2452 708 2521 dubitabatur
727 2456 760 2519 iu
780 2458 939 2519 Neronem
962 2461 995 2519 et
1016 2454 1218 2542 Agrippinam
1240 2456 1372 2522 intendi.

232 2566 295 2654 (lli
318 2571 356 2634 Ni
376 2570 452 2634 mibi
476 2566 664 2634 destinatum
684 2564 769 2633 ioret
789 2588 882 2632 suum
903 2586 1047 2654 quaeque
1070 2569 1103 2633 in
1125 2587 1241 2633 annum
1262 2567 1392 2645 referre,
1414 2550 1492 2635 ω’

143 2684 198 2747 bat
218 2684 342 2747 animus
363 2683 466 2747 antire
487 2683 656 2767 statimque
679 2700 857 2747 memorare
875 2680 994 2759 exitus,
1011 2701 1093 2767 quos
1107 2680 1248 2748 Latinius
1262 2690 1357 2769 atque
1372 2684 1489 2769 Opsius

144 2794 310 2881 ceterique
331 2793 441 2880 ilsgitii
465 2794 532 2861 eius
553 2802 735 2881 repertores
755 2792 911 2872 habuere,
933 2815 999 2859 uon
1020 2796 1117 2861 modo
1137 2804 1304 2882 postquam
1318 2795 1355 2861 C.
1374 2797 1528 2863 Caesares

140 2928 253 2973 rerum
276 2910 393 2993 potitus
416 2915 481 2985 est,
505 2910 560 2973 sed
581 2907 733 2974 incolumi
754 2905 900 2986 Tiberi03
924 2909 979 2995 qui
1000 2906 1154 2973 scelerum
1176 2908 1336 2974 ministros
1357 2915 1394 2975 ut
1415 2926 1488 2997 per*

141 3023 225 3086 verti
249 3023 288 3086 ab
311 3021 379 3086 aliis
401 3021 544 3095 uolebat,
566 3022 609 3086 ita
630 3023 818 3108 plerumque
846 3021 991 3097 satiatus,
1015 3028 1047 3086 et
1067 3017 1181 3085 oblatis
1201 3022 1235 3084 iu
1256 3019 1388 3086 eandem
1411 3041 1488 3109 ope-
1533 3084 1545 3099 ,

139 3154 212 3200 ram
244 3131 446 3211 recentibus,
478 3142 603 3200 veteres
631 3142 663 3200 et
690 3154 881 3220 praegraves
911 3131 1040 3200 adilixit.
1081 3154 1193 3200 verum
1220 3133 1275 3199 bes
1297 3141 1391 3223 atque
1413 3134 1488 3201 alias

142 3246 284 3313 sontium
306 3267 425 3330 poenas
446 3249 480 3311 iu
502 3254 645 3335 tempore
667 3249 839 3313 trademus.
878 3254 944 3312 tum
966 3248 1086 3312 censuit
1107 3246 1231 3312 Asinius
1253 3246 1379 3327 Gallus,
1399 3248 1489 3315 euius

214 3439 244 3489 1.
263 3438 333 3489 conl.
352 3436 395 3490 bis
416 3438 476 3488 coll.
495 3438 527 3488 Β.
556 3464 586 3477 -
618 3439 646 3490 2.
666 3438 803 3493 collemalo
820 3437 864 3490 ul:
894 3438 1024 3489 sollennia
1041 3436 1073 3487 Β.
1095 3464 1124 3476 -
1146 3439 1173 3490 ³.
1191 3437 1216 3487 tr.
1236 3451 1296 3489 eum
1316 3437 1363 3489 itu.
1382 3440 1426 3492 st:
1446 3452 1490 3490 eo·

139 3510 228 3560 tesedia
247 3509 278 3559 Β.
298 3534 332 3545 -
351 3508 499 3559 tonsorios
516 3508 555 3561 Μ.
576 3507 693 3561 Correrlt
711 3511 762 3560 lae.
783 3507 948 3567 Gronovius.
971 3516 1032 3560 ante
1052 3522 1131 3572 qoem
1149 3511 1263 3561 edebant
1282 3509 1434 3562 ranserias.
1457 3536 1489 3549 -

141 3580 235 3630 tiabat
254 3579 368 3641 epistula
385 3580 423 3632 Μ.
452 3603 483 3615 -·
505 3586 599 3644 protus
618 3593 677 3631 eum
698 3579 741 3630 lln
760 3579 799 3630 Μ.
819 3604 853 3614 -
871 3579 897 3630 Β.
918 3582 1064 3644 arriperent
1082 3580 1120 3631 Μ.
1141 3578 1260 3633 Correxit
1280 3581 1435 3632 libeoauus.
1457 3604 1489 3618 -

136 3650 344 3713 regrediebatur
361 3648 399 3700 Μ.
427 3672 460 3684 -
479 3651 524 3700 rt.
542 3650 699 3714 prudentem
715 3648 755 3703 Μ.
774 3649 814 3712 (tn
832 3649 929 3701 eretdlt
947 3653 974 3701 lu
993 3662 1084 3703 versus
1104 3650 1179 3704 flue.)
1198 3650 1317 3704 Corrertt
1333 3652 1488 3705 llbenanus.

135 3718 235 3783 (impr.
257 3719 299 3784 Β.)
320 3746 349 3758 -
370 3720 469 3770 aserai
486 3710 524 3771 Μ.
543 3745 577 3756 -
597 3723 639 3771 15.
660 3721 760 3771 odiseti
776 3721 814 3772 Μ.
836 3742 864 3758 ·-
889 3720 933 3771 lt.
953 3734 1030 3783 sono.
1051 3722 1095 3771 llr
1124 3724 1207 3784 comp.
1227 3721 1259 3771 Β.
1279 3746 1311 3759 -
1330 3723 1377 3775 w.
1396 3722 1424 3774 G.
1443 3722 1489 3776 ida

136 3790 226 3843 Gutus
245 3791 278 3841 Β.
297 3815 332 3826 -
348 3791 393 3841 at.
411 3790 536 3842 tneotosai
551 3791 590 3842 tl.
611 3817 641 3830 -
660 3793 706 3842 22.
724 3791 839 3842 pollebat
855 3789 894 3841 Μ.
916 3814 945 3827 -
965 3791 1010 3843 se.
1031 3792 1096 3858 odit.
1114 3791 1159 3843 btr
1179 3790 1238 3859 aspi.
1257 3793 1289 3843 Β.

133 3973 261 4025 tionibus
286 3972 397 4024 trustem
425 3975 543 4038 [nestum
572 3975 732 4024 ominamur.
764 3999 800 4013 ·-
835 3985 884 4024 uer
902 3973 929 4024 bl
947 3974 1247 4038 suntpopuillinmanl.
1272 4000 1304 4012 -
1322 3986 1379 4027 nos
1395 3977 1489 4042 tapn-

57 4086 61 4093 ι
133 4049 308 4117 occiderent]
337 4052 371 4103 sd
390 4064 466 4103 aures
486 4054 632 4105 bominum.
664 4078 695 4090 -
726 4056 797 4103 trater
837 4048 953 4117 dentem]
982 4066 1034 4103 uon
1061 4062 1159 4107 temere
1185 4069 1271 4120 neque
1300 4068 1380 4110 onero
1398 4054 1489 4122 aliquo

131 4147 219 4186 roera
251 4138 277 4183 et
301 4130 383 4196 eote]
412 4132 484 4184 Nlbtt
508 4136 578 4185 enlm
598 4137 672 4187 triste
692 4134 796 4197 pubttee
836 4132 923 4185 torors
957 4132 1097 4196 abreptum
1117 4135 1255 4187 Tiberium
1280 4142 1333 4187 tam
1364 4137 1488 4190 odiosum

132 4217 321 4279 privatimque
341 4216 425 4275 primo
442 4214 485 4264 llio
509 4215 551 4265 dle
571 4216 725 4277 patrabant3
750 4227 796 4266 ne·
836 4213 933 4263 tartum
961 4218 1133 4267 commisisse·
1166 4215 1233 4267 Cod.
1261 4217 1489 4280 mnprsdestsm

131 4296 200 4345 dnm
234 4300 265 4343 nt
292 4297 427 4354 punirent.
464 4292 597 4344 Plutarch.
623 4298 651 4345 ln
678 4295 746 4345 Μαι.
768 4307 794 4356 p.
835 4292 929 4344 trustra
957 4293 1077 4345 detrudit
1102 4295 1236 4347 Baebius:
1277 4298 1360 4349 rbaee
1387 4299 1489 4351 trortee

128 4374 205 4424 idi:
242 4374 294 4422 καὶ
312 4369 483 4464 :sponsionis
507 4366 674 4443 (ὁΜάριος)
692 4368 797 4438 αὐταῖς
836 4373 904 4424 dieta
934 4380 996 4424 snut
1022 4378 1101 4427 nolus
1129 4389 1159 4428 er
1191 4378 1309 4439 populo,
1348 4378 1487 4431 Tiberium

129 4449 310 4515 Καλάνδαις
339 4452 546 4523 invenustam,
585 4447 672 4517 ἔτους
698 4447 795 4524 α’ρχῇ,
835 4455 910 4518 quasi
929 4459 1078 4506 ereusautts
1096 4463 1126 4508 nt
1144 4458 1360 4521 imprudentem,
1388 4466 1488 4511 temera

69 4596 72 4597 ⁷
128 4529 253 4596 Σέξτον
279 4527 346 4582 τινὰ
371 4530 521 4583 Λικίννιον
544 4529 795 4603 κατεκρήμνισεν·
836 4542 862 4585 et
888 4536 1081 4589 inconsiderate
1104 4546 1241 4602 agentem,
1263 4538 1352 4590 Seiani
1366 4538 1489 4588 videlieet

129 4606 151 4660 ὃ
180 4605 340 4674 κάκείνοις
365 4611 415 4660 καὶ
442 4614 480 4684 τῇ
505 4607 587 4664 πόλει
622 4611 680 4663 τῶν
711 4604 797 4676 αὖθις
835 4616 934 4667 artibus
953 4616 1114 4678 dereptum,
1143 4620 1230 4681 ipsum
1248 4620 1323 4683 quast
1343 4622 1486 4679 insontem,

127 4686 242 4742 ἐδόκει
261 4686 360 4739 κακῶν
379 4694 533 4756 γεγονέναι
564 4697 690 4757 σημεῖον
716 4693 797 4757 ptys-
835 4697 922 4745 statim
949 4703 1037 4749 tamen
1073 4704 1158 4749 semet
1190 4700 1364 4763 corrigentis,
1406 4700 1487 4749 immo

127 4784 222 4822 oros.
265 4766 480 4819 anemoria
505 4770 599 4821 linitur
614 4784 632 4820 n
648 4784 734 4834 poeno
752 4770 797 4819 bo-
834 4778 980 4836 ouoerttnm
998 4784 1067 4829 eet·
1087 4804 1118 4815 —
1149 4779 1262 4829 ddubre
1279 4785 1304 4829 et
1322 4773 1439 4840 warte]
1459 4780 1486 4830 tu

125 4852 245 4901 minum
263 4850 372 4900 carnot
389 4850 462 4906 dier.
486 4863 519 4900 ne
535 4851 676 4915 rettpioser
694 4852 796 4917 qnidam
836 4859 987 4919 magistratu
1005 4858 1134 4910 ineundo.
1156 4884 1185 4897 -
1216 4853 1364 4922 trepidem]
1389 4858 1487 4911 sollini-

127 4939 153 4981 sr
173 4941 271 4981 rnen.
290 4928 366 4979 bns.
396 4950 426 4966 -
454 4929 484 4978 ld
501 4926 743 4996 tpsnmpnventss]
763 4945 796 4983 ue
835 4941 887 4987 tam
907 4942 1014 4999 propter
1037 4942 1164 4991 eontlnur
1183 4937 1311 5001 pertenta·

125 5013 261 5068 sellleet.
293 5012 338 5071 qul
366 5010 436 5060 bnne
455 5014 576 5062 timorem
596 5010 797 5063 animadvertts·

126 5098 212 5151 seut.
232 5092 305 5152 tpros
318 5088 426 5140 'ilberto
438 5089 579 5142 ae‘selruo
598 5091 741 5143 deterrent.
763 5115 794 5128 ·-
868 5092 913 5144 71.
933 5092 1066 5159 Latinior]
1087 5093 1174 5146 Habes
1187 5094 1204 5145 s
1215 5131 1222 5155 ,
1235 5093 1263 5146 l.
1282 5094 1385 5147 Poenas
1398 5094 1484 5161 Opttl,

126 5184 215 5239 quem
236 5169 307 5220 enlm
326 5164 405 5232 Mem]
421 5168 520 5221 Sensus
539 5177 566 5224 et
581 5171 679 5224 neeuitt
698 5184 798 5223 sermo·
836 5171 944 5226 crtouts
967 5182 994 5226 et
1011 5174 1100 5226 Petltll
1126 5173 1234 5227 tradidit
1250 5177 1279 5230 tn
1298 5174 1371 5235 ltbttt
1390 5175 1488 5247 depes-¹
