<?xml version="1.0" encoding="UTF-8"?>
<!DOCTYPE html PUBLIC "-//W3C//DTD XHTML 1.0 Transitional//EN"
    "http://www.w3.org/TR/xhtml1/DTD/xhtml1-transitional.dtd">
<html xmlns="http://www.w3.org/1999/xhtml" xml:lang="en" lang="en">
 <head>
  <title>
</title>
<meta http-equiv="Content-Type" content="text/html;charset=utf-8" />
  <meta name='ocr-system' content='tesseract 3.04.00' />
  <meta name='ocr-capabilities' content='ocr_page ocr_carea ocr_par ocr_line ocrx_word'/>
</head>
<body>
  <div class='ocr_page' id='page_1' title='image "./ccorneliitaciti29tacigoog/ccorneliitaciti29tacigoog_0648.png"; bbox 0 0 3634 5876; ppageno 0'>
   <div class='ocr_carea' id='block_1_1' title="bbox 541 463 1500 578">
    <p class='ocr_par' dir='ltr' id='par_1_1' title="bbox 541 463 1500 578">
     <span class='ocr_line' id='line_1_1' title="bbox 541 463 1500 578; baseline 0.005 -23"><span class='ocrx_word' id='word_1_1' title='bbox 541 488 662 555; x_wconf 84' lang='lat' dir='ltr'><strong>nmnn</strong></span> <span class='ocrx_word' id='word_1_2' title='bbox 681 489 750 559; x_wconf 85' lang='lat' dir='ltr'><strong>xv.</strong></span> <span class='ocrx_word' id='word_1_3' title='bbox 791 488 867 578; x_wconf 77' lang='lat' dir='ltr'><strong>cap.</strong></span> <span class='ocrx_word' id='word_1_4' title='bbox 886 463 939 557; x_wconf 76' lang='lat' dir='ltr'><strong>us.</strong></span> <span class='ocrx_word' id='word_1_5' title='bbox 963 491 1016 556; x_wconf 78' lang='lat' dir='ltr'><strong>aa.</strong></span> <span class='ocrx_word' id='word_1_6' title='bbox 1039 491 1093 558; x_wconf 88' lang='lat' dir='ltr'><strong>co.</strong></span> <span class='ocrx_word' id='word_1_7' title='bbox 1437 492 1500 561; x_wconf 77' lang='lat' dir='ltr'><strong>ass</strong></span> 
     </span>
    </p>
   </div>
   <div class='ocr_carea' id='block_1_2' title="bbox 158 648 1540 2214">
    <p class='ocr_par' dir='ltr' id='par_1_2' title="bbox 158 648 1540 2214">
     <span class='ocr_line' id='line_1_2' title="bbox 158 648 1500 739; baseline -0.001 -19"><span class='ocrx_word' id='word_1_8' title='bbox 158 649 346 739; x_wconf 87' lang='lat' dir='ltr'><strong>corporibus</strong></span> <span class='ocrx_word' id='word_1_9' title='bbox 363 668 506 737; x_wconf 86' lang='lat' dir='ltr'><strong>sperare:</strong></span> <span class='ocrx_word' id='word_1_10' title='bbox 529 648 682 717; x_wconf 87' lang='lat' dir='ltr'><strong>cruciatui</strong></span> <span class='ocrx_word' id='word_1_11' title='bbox 697 657 753 717; x_wconf 92' lang='lat' dir='ltr'><strong>ant</strong></span> <span class='ocrx_word' id='word_1_12' title='bbox 766 649 907 737; x_wconf 91' lang='lat' dir='ltr'><strong>praemio</strong></span> <span class='ocrx_word' id='word_1_13' title='bbox 922 656 1032 717; x_wconf 89' lang='lat' dir='ltr'><strong>cuncta</strong></span> <span class='ocrx_word' id='word_1_14' title='bbox 1050 649 1158 738; x_wconf 77' lang='lat' dir='ltr'><strong>pervia</strong></span> <span class='ocrx_word' id='word_1_15' title='bbox 1173 671 1254 718; x_wconf 86' lang='lat' dir='ltr'><strong>essa.</strong></span> <span class='ocrx_word' id='word_1_16' title='bbox 1279 658 1429 719; x_wconf 83' lang='lat' dir='ltr'><strong>venturos</strong></span> <span class='ocrx_word' id='word_1_17' title='bbox 1445 653 1500 738; x_wconf 94' lang='lat' dir='ltr'><strong>qui</strong></span> 
     </span>
     <span class='ocr_line' id='line_1_3' title="bbox 159 762 1501 853; baseline 0 -21"><span class='ocrx_word' id='word_1_18' title='bbox 159 768 267 851; x_wconf 90' lang='lat' dir='ltr'><strong>ipsum</strong></span> <span class='ocrx_word' id='word_1_19' title='bbox 286 784 412 853; x_wconf 84' lang='lat' dir='ltr'><strong>quoque</strong></span> <span class='ocrx_word' id='word_1_20' title='bbox 436 764 607 838; x_wconf 80' lang='lat' dir='ltr'><strong>vincirent,</strong></span> <span class='ocrx_word' id='word_1_21' title='bbox 628 772 789 851; x_wconf 86' lang='lat' dir='ltr'><strong>postremo</strong></span> <span class='ocrx_word' id='word_1_22' title='bbox 809 762 937 849; x_wconf 81' lang='lat' dir='ltr'><strong>indigna</strong></span> <span class='ocrx_word' id='word_1_23' title='bbox 955 785 1034 830; x_wconf 89' lang='lat' dir='ltr'><strong>nece</strong></span> <span class='ocrx_word' id='word_1_24' title='bbox 1057 762 1228 831; x_wconf 86' lang='lat' dir='ltr'><strong>afficerent.</strong></span> <span class='ocrx_word' id='word_1_25' title='bbox 1256 773 1372 851; x_wconf 90' lang='lat' dir='ltr'><strong>quantu</strong></span> <span class='ocrx_word' id='word_1_26' title='bbox 1393 764 1501 832; x_wconf 91' lang='lat' dir='ltr'><strong>lunda·</strong></span> 
     </span>
     <span class='ocr_line' id='line_1_4' title="bbox 162 874 1501 965; baseline -0.001 -18"><span class='ocrx_word' id='word_1_27' title='bbox 162 878 257 947; x_wconf 89' lang='lat' dir='ltr'><strong>bilius</strong></span> <span class='ocrx_word' id='word_1_28' title='bbox 277 879 470 965; x_wconf 87' lang='lat' dir='ltr'><strong>periturum,</strong></span> <span class='ocrx_word' id='word_1_29' title='bbox 502 878 578 945; x_wconf 93' lang='lat' dir='ltr'><strong>dnm</strong></span> <span class='ocrx_word' id='word_1_30' title='bbox 600 878 799 964; x_wconf 71' lang='lat' dir='ltr'><strong>amplectitur</strong></span> <span class='ocrx_word' id='word_1_31' title='bbox 819 897 887 943; x_wconf 91' lang='lat' dir='ltr'><strong>rem</strong></span> <span class='ocrx_word' id='word_1_32' title='bbox 913 874 1087 962; x_wconf 81' lang='lat' dir='ltr'>publicam,</span> <span class='ocrx_word' id='word_1_33' title='bbox 1122 874 1197 944; x_wconf 85' lang='lat' dir='ltr'><strong>dium</strong></span> <span class='ocrx_word' id='word_1_34' title='bbox 1222 877 1338 944; x_wconf 83' lang='lat' dir='ltr'><strong>auxilia</strong></span> <span class='ocrx_word' id='word_1_35' title='bbox 1361 877 1501 946; x_wconf 78' lang='lat' dir='ltr'><strong>libertati</strong></span> 
     </span>
     <span class='ocr_line' id='line_1_5' title="bbox 160 989 1498 1080; baseline -0.001 -20"><span class='ocrx_word' id='word_1_36' title='bbox 160 992 307 1060; x_wconf 83' lang='lat' dir='ltr'><strong>invocati</strong></span> <span class='ocrx_word' id='word_1_37' title='bbox 346 989 437 1058; x_wconf 86' lang='lat' dir='ltr'><strong>miles</strong></span> <span class='ocrx_word' id='word_1_38' title='bbox 458 992 563 1076; x_wconf 86' lang='lat' dir='ltr'><strong>potins</strong></span> <span class='ocrx_word' id='word_1_39' title='bbox 584 991 710 1057; x_wconf 84' lang='lat' dir='ltr'><strong>deesset</strong></span> <span class='ocrx_word' id='word_1_40' title='bbox 731 999 763 1057; x_wconf 92' lang='lat' dir='ltr'><strong>et</strong></span> <span class='ocrx_word' id='word_1_41' title='bbox 783 989 893 1078; x_wconf 87' lang='lat' dir='ltr'><strong>plebes</strong></span> <span class='ocrx_word' id='word_1_42' title='bbox 915 993 1094 1069; x_wconf 88' lang='lat' dir='ltr'><strong>desereret,</strong></span> <span class='ocrx_word' id='word_1_43' title='bbox 1117 989 1191 1059; x_wconf 90' lang='lat' dir='ltr'><strong>dum</strong></span> <span class='ocrx_word' id='word_1_44' title='bbox 1217 991 1286 1080; x_wconf 88' lang='lat' dir='ltr'><strong>ipse</strong></span> <span class='ocrx_word' id='word_1_45' title='bbox 1313 994 1498 1069; x_wconf 88' lang='lat' dir='ltr'><strong>maioribus,</strong></span> 
     </span>
     <span class='ocr_line' id='line_1_6' title="bbox 161 1102 1524 1193; baseline -0.001 -21"><span class='ocrx_word' id='word_1_46' title='bbox 161 1104 237 1173; x_wconf 90' lang='lat' dir='ltr'><strong>dum</strong></span> <span class='ocrx_word' id='word_1_47' title='bbox 254 1106 407 1193; x_wconf 87' lang='lat' dir='ltr'><strong>posteris,</strong></span> <span class='ocrx_word' id='word_1_48' title='bbox 431 1105 458 1169; x_wconf 84' lang='lat' dir='ltr'><strong>si</strong></span> <span class='ocrx_word' id='word_1_49' title='bbox 475 1103 541 1172; x_wconf 83' lang='lat' dir='ltr'><strong>uita</strong></span> <span class='ocrx_word' id='word_1_50' title='bbox 557 1106 812 1191; x_wconf 75' lang='lat' dir='ltr'><strong>praeriperetur,</strong></span> <span class='ocrx_word' id='word_1_51' title='bbox 835 1111 970 1171; x_wconf 88' lang='lat' dir='ltr'><strong>mortem</strong></span> <span class='ocrx_word' id='word_1_52' title='bbox 995 1102 1196 1192; x_wconf 79' lang='lat' dir='ltr'><strong>adprobaret.</strong></span> <span class='ocrx_word' id='word_1_53' title='bbox 1229 1107 1378 1171; x_wconf 89' lang='lat' dir='ltr'><strong>immotus</strong></span> <span class='ocrx_word' id='word_1_54' title='bbox 1399 1103 1448 1172; x_wconf 92' lang='lat' dir='ltr'><strong>bis</strong></span> <span class='ocrx_word' id='word_1_55' title='bbox 1470 1112 1524 1171; x_wconf 78' lang='lat' dir='ltr'><strong>ett</strong></span> 
     </span>
     <span class='ocr_line' id='line_1_7' title="bbox 161 1215 1503 1305; baseline 0 -21"><span class='ocrx_word' id='word_1_56' title='bbox 161 1218 322 1305; x_wconf 91' lang='lat' dir='ltr'><strong>paululum</strong></span> <span class='ocrx_word' id='word_1_57' title='bbox 345 1220 378 1283; x_wconf 90' lang='lat' dir='ltr'><strong>in</strong></span> <span class='ocrx_word' id='word_1_58' title='bbox 400 1217 526 1304; x_wconf 91' lang='lat' dir='ltr'><strong>publico</strong></span> <span class='ocrx_word' id='word_1_59' title='bbox 548 1223 708 1295; x_wconf 84' lang='lat' dir='ltr'><strong>versatus,</strong></span> <span class='ocrx_word' id='word_1_60' title='bbox 731 1225 806 1302; x_wconf 91' lang='lat' dir='ltr'><strong>post</strong></span> <span class='ocrx_word' id='word_1_61' title='bbox 823 1215 909 1284; x_wconf 91' lang='lat' dir='ltr'><strong>domi</strong></span> <span class='ocrx_word' id='word_1_62' title='bbox 930 1226 1088 1296; x_wconf 86' lang='lat' dir='ltr'><strong>secretus,</strong></span> <span class='ocrx_word' id='word_1_63' title='bbox 1110 1218 1250 1285; x_wconf 90' lang='lat' dir='ltr'><strong>animum</strong></span> <span class='ocrx_word' id='word_1_64' title='bbox 1268 1218 1434 1286; x_wconf 84' lang='lat' dir='ltr'><strong>adversum</strong></span> <span class='ocrx_word' id='word_1_65' title='bbox 1449 1241 1503 1284; x_wconf 87' lang='lat' dir='ltr'><strong>su-</strong></span> 
     </span>
     <span class='ocr_line' id='line_1_8' title="bbox 162 1329 1504 1420; baseline -0.001 -22"><span class='ocrx_word' id='word_1_66' title='bbox 162 1352 271 1420; x_wconf 88' lang='lat' dir='ltr'><strong>prema</strong></span> <span class='ocrx_word' id='word_1_67' title='bbox 291 1329 453 1406; x_wconf 89' lang='lat' dir='ltr'><strong>firmabat,</strong></span> <span class='ocrx_word' id='word_1_68' title='bbox 481 1333 583 1397; x_wconf 88' lang='lat' dir='ltr'><strong>donec</strong></span> <span class='ocrx_word' id='word_1_69' title='bbox 604 1351 715 1396; x_wconf 89' lang='lat' dir='ltr'><strong>manns</strong></span> <span class='ocrx_word' id='word_1_70' title='bbox 735 1329 869 1397; x_wconf 89' lang='lat' dir='ltr'><strong>militnm</strong></span> <span class='ocrx_word' id='word_1_71' title='bbox 891 1333 1070 1411; x_wconf 81' lang='lat' dir='ltr'><strong>adueniret,</strong></span> <span class='ocrx_word' id='word_1_72' title='bbox 1101 1354 1181 1420; x_wconf 92' lang='lat' dir='ltr'><strong>quos</strong></span> <span class='ocrx_word' id='word_1_73' title='bbox 1202 1335 1288 1400; x_wconf 87' lang='lat' dir='ltr'><strong>Nero</strong></span> <span class='ocrx_word' id='word_1_74' title='bbox 1309 1332 1429 1399; x_wconf 89' lang='lat' dir='ltr'><strong>tirones</strong></span> <span class='ocrx_word' id='word_1_75' title='bbox 1449 1339 1504 1398; x_wconf 89' lang='lat' dir='ltr'><strong>aut</strong></span> 
     </span>
     <span class='ocr_line' id='line_1_9' title="bbox 164 1444 1502 1535; baseline 0 -23"><span class='ocrx_word' id='word_1_76' title='bbox 164 1447 327 1533; x_wconf 87' lang='lat' dir='ltr'><strong>stipendiis</strong></span> <span class='ocrx_word' id='word_1_77' title='bbox 346 1452 492 1511; x_wconf 89' lang='lat' dir='ltr'><strong>recentes</strong></span> <span class='ocrx_word' id='word_1_78' title='bbox 509 1446 683 1530; x_wconf 74' lang='lat' dir='ltr'><strong>delegerat:</strong></span> <span class='ocrx_word' id='word_1_79' title='bbox 707 1464 780 1510; x_wconf 89' lang='lat' dir='ltr'><strong>nam</strong></span> <span class='ocrx_word' id='word_1_80' title='bbox 794 1452 886 1511; x_wconf 79' lang='lat' dir='ltr'><strong>aetus</strong></span> <span class='ocrx_word' id='word_1_81' title='bbox 899 1444 989 1512; x_wconf 89' lang='lat' dir='ltr'><strong>miles</strong></span> <span class='ocrx_word' id='word_1_82' title='bbox 1003 1447 1175 1514; x_wconf 86' lang='lat' dir='ltr'><strong>timebatur</strong></span> <span class='ocrx_word' id='word_1_83' title='bbox 1189 1467 1378 1535; x_wconf 90' lang='lat' dir='ltr'><strong>quamquam</strong></span> <span class='ocrx_word' id='word_1_84' title='bbox 1393 1444 1502 1513; x_wconf 77' lang='lat' dir='ltr'><strong>lavore</strong></span> 
     </span>
     <span class='ocr_line' id='line_1_10' title="bbox 163 1554 1501 1642; baseline -0.001 -16"><span class='ocrx_word' id='word_1_85' title='bbox 163 1556 302 1626; x_wconf 89' lang='lat' dir='ltr'><strong>inbutus.</strong></span> <span class='ocrx_word' id='word_1_86' title='bbox 341 1559 421 1625; x_wconf 91' lang='lat' dir='ltr'><strong>obiit</strong></span> <span class='ocrx_word' id='word_1_87' title='bbox 449 1554 590 1642; x_wconf 76' lang='lat' dir='ltr'><strong>abruptis</strong></span> <span class='ocrx_word' id='word_1_88' title='bbox 617 1555 820 1623; x_wconf 83' lang='lat' dir='ltr'><strong>brachiorum</strong></span> <span class='ocrx_word' id='word_1_89' title='bbox 844 1560 945 1624; x_wconf 80' lang='lat' dir='ltr'><strong>uenis.</strong></span> <span class='ocrx_word' id='word_1_90' title='bbox 983 1568 1202 1626; x_wconf 88' lang='lat' dir='ltr'><strong>testamentum</strong></span> <span class='ocrx_word' id='word_1_91' title='bbox 1226 1561 1329 1626; x_wconf 83' lang='lat' dir='ltr'><strong>foedis</strong></span> <span class='ocrx_word' id='word_1_92' title='bbox 1350 1563 1501 1626; x_wconf 84' lang='lat' dir='ltr'><strong>advorsus</strong></span> 
     </span>
     <span class='ocr_line' id='line_1_11' title="bbox 162 1668 1540 1759; baseline 0 -19"><span class='ocrx_word' id='word_1_93' title='bbox 162 1676 319 1740; x_wconf 87' lang='lat' dir='ltr'><strong>Neronem</strong></span> <span class='ocrx_word' id='word_1_94' title='bbox 341 1668 573 1738; x_wconf 89' lang='lat' dir='ltr'><strong>adulationibus</strong></span> <span class='ocrx_word' id='word_1_95' title='bbox 587 1671 688 1737; x_wconf 91' lang='lat' dir='ltr'><strong>amori</strong></span> <span class='ocrx_word' id='word_1_96' title='bbox 706 1670 815 1737; x_wconf 81' lang='lat' dir='ltr'><strong>uxoris</strong></span> <span class='ocrx_word' id='word_1_97' title='bbox 838 1670 939 1747; x_wconf 89' lang='lat' dir='ltr'><strong>dedit,</strong></span> <span class='ocrx_word' id='word_1_98' title='bbox 962 1694 1054 1758; x_wconf 90' lang='lat' dir='ltr'><strong>quam</strong></span> <span class='ocrx_word' id='word_1_99' title='bbox 1077 1675 1266 1759; x_wconf 82' lang='lat' dir='ltr'><strong>degenerem</strong></span> <span class='ocrx_word' id='word_1_100' title='bbox 1290 1680 1323 1740; x_wconf 90' lang='lat' dir='ltr'><strong>ct</strong></span> <span class='ocrx_word' id='word_1_101' title='bbox 1341 1672 1409 1740; x_wconf 89' lang='lat' dir='ltr'><strong>sola</strong></span> <span class='ocrx_word' id='word_1_102' title='bbox 1430 1682 1540 1740; x_wconf 83' lang='lat' dir='ltr'><strong>cor-¹⁰</strong></span> 
     </span>
     <span class='ocr_line' id='line_1_12' title="bbox 161 1783 1502 1875; baseline 0.001 -23"><span class='ocrx_word' id='word_1_103' title='bbox 161 1785 248 1875; x_wconf 90' lang='lat' dir='ltr'><strong>poris</strong></span> <span class='ocrx_word' id='word_1_104' title='bbox 265 1785 368 1853; x_wconf 89' lang='lat' dir='ltr'><strong>lorma</strong></span> <span class='ocrx_word' id='word_1_105' title='bbox 391 1783 640 1853; x_wconf 90' lang='lat' dir='ltr'><strong>commendatam</strong></span> <span class='ocrx_word' id='word_1_106' title='bbox 666 1786 757 1851; x_wconf 88' lang='lat' dir='ltr'><strong>amici</strong></span> <span class='ocrx_word' id='word_1_107' title='bbox 783 1786 981 1854; x_wconf 88' lang='lat' dir='ltr'><strong>matrimonio</strong></span> <span class='ocrx_word' id='word_1_108' title='bbox 1009 1784 1192 1853; x_wconf 85' lang='lat' dir='ltr'><strong>abstulerat.</strong></span> <span class='ocrx_word' id='word_1_109' title='bbox 1227 1807 1343 1853; x_wconf 91' lang='lat' dir='ltr'><strong>nomen</strong></span> <span class='ocrx_word' id='word_1_110' title='bbox 1361 1785 1502 1853; x_wconf 88' lang='lat' dir='ltr'><strong>mulieris</strong></span> 
     </span>
     <span class='ocr_line' id='line_1_13' title="bbox 161 1897 1503 1987; baseline 0 -21"><span class='ocrx_word' id='word_1_111' title='bbox 161 1901 252 1968; x_wconf 78' lang='lat' dir='ltr'><strong>Atria</strong></span> <span class='ocrx_word' id='word_1_112' title='bbox 273 1897 376 1976; x_wconf 86' lang='lat' dir='ltr'><strong>Galla,</strong></span> <span class='ocrx_word' id='word_1_113' title='bbox 399 1897 501 1985; x_wconf 89' lang='lat' dir='ltr'><strong>priori</strong></span> <span class='ocrx_word' id='word_1_114' title='bbox 522 1902 634 1967; x_wconf 88' lang='lat' dir='ltr'><strong>marito</strong></span> <span class='ocrx_word' id='word_1_115' title='bbox 656 1897 813 1965; x_wconf 81' lang='lat' dir='ltr'><strong>Domitius</strong></span> <span class='ocrx_word' id='word_1_116' title='bbox 836 1898 936 1966; x_wconf 81' lang='lat' dir='ltr'><strong>Silus:</strong></span> <span class='ocrx_word' id='word_1_117' title='bbox 971 1901 1024 1965; x_wconf 90' lang='lat' dir='ltr'><strong>bic</strong></span> <span class='ocrx_word' id='word_1_118' title='bbox 1045 1899 1211 1987; x_wconf 89' lang='lat' dir='ltr'><strong>patientia,</strong></span> <span class='ocrx_word' id='word_1_119' title='bbox 1243 1900 1296 1967; x_wconf 89' lang='lat' dir='ltr'><strong>illa</strong></span> <span class='ocrx_word' id='word_1_120' title='bbox 1317 1899 1503 1986; x_wconf 83' lang='lat' dir='ltr'><strong>inpudicitia</strong></span> 
     </span>
     <span class='ocr_line' id='line_1_14' title="bbox 162 2011 1501 2101; baseline 0.001 -23"><span class='ocrx_word' id='word_1_121' title='bbox 162 2012 287 2079; x_wconf 87' lang='lat' dir='ltr'><strong>Pisonis</strong></span> <span class='ocrx_word' id='word_1_122' title='bbox 314 2011 475 2078; x_wconf 84' lang='lat' dir='ltr'><strong>infamiam</strong></span> <span class='ocrx_word' id='word_1_123' title='bbox 501 2031 730 2098; x_wconf 75' lang='lat' dir='ltr'><strong>propagatore.</strong></span> <span class='ocrx_word' id='word_1_124' title='bbox 773 2013 841 2093; x_wconf 80' lang='lat' dir='ltr'><strong>(oti)</strong></span> <span class='ocrx_word' id='word_1_125' title='bbox 874 2014 1052 2101; x_wconf 85' lang='lat' dir='ltr'><strong>proximam</strong></span> <span class='ocrx_word' id='word_1_126' title='bbox 1078 2033 1188 2079; x_wconf 85' lang='lat' dir='ltr'><strong>necem</strong></span> <span class='ocrx_word' id='word_1_127' title='bbox 1214 2013 1328 2080; x_wconf 87' lang='lat' dir='ltr'><strong>Plautii</strong></span> <span class='ocrx_word' id='word_1_128' title='bbox 1354 2015 1501 2079; x_wconf 82' lang='lat' dir='ltr'><strong>Laterani</strong></span> 
     </span>
     <span class='ocr_line' id='line_1_15' title="bbox 162 2122 1502 2214; baseline 0 -22"><span class='ocrx_word' id='word_1_129' title='bbox 162 2125 300 2192; x_wconf 90' lang='lat' dir='ltr'><strong>consulis</strong></span> <span class='ocrx_word' id='word_1_130' title='bbox 311 2128 462 2210; x_wconf 76' lang='lat' dir='ltr'><strong>designati</strong></span> <span class='ocrx_word' id='word_1_131' title='bbox 473 2127 556 2190; x_wconf 90' lang='lat' dir='ltr'><strong>Nero</strong></span> <span class='ocrx_word' id='word_1_132' title='bbox 571 2122 727 2210; x_wconf 78' lang='lat' dir='ltr'><strong>adiungit,</strong></span> <span class='ocrx_word' id='word_1_133' title='bbox 743 2122 823 2192; x_wconf 89' lang='lat' dir='ltr'><strong>adeo</strong></span> <span class='ocrx_word' id='word_1_134' title='bbox 837 2146 976 2214; x_wconf 88' lang='lat' dir='ltr'><strong>propera</strong></span> <span class='ocrx_word' id='word_1_135' title='bbox 989 2134 1025 2192; x_wconf 91' lang='lat' dir='ltr'><strong>ut</strong></span> <span class='ocrx_word' id='word_1_136' title='bbox 1038 2148 1101 2193; x_wconf 92' lang='lat' dir='ltr'><strong>nnn</strong></span> <span class='ocrx_word' id='word_1_137' title='bbox 1112 2126 1278 2214; x_wconf 82' lang='lat' dir='ltr'><strong>complecti</strong></span> <span class='ocrx_word' id='word_1_138' title='bbox 1288 2126 1424 2205; x_wconf 87' lang='lat' dir='ltr'><strong>liberos,</strong></span> <span class='ocrx_word' id='word_1_139' title='bbox 1437 2146 1502 2193; x_wconf 92' lang='lat' dir='ltr'><strong>non</strong></span> 
     </span>
    </p>
   </div>
   <div class='ocr_carea' id='block_1_3' title="bbox 161 2238 1640 2329">
    <p class='ocr_par' dir='ltr' id='par_1_3' title="bbox 161 2238 1640 2329">
     <span class='ocr_line' id='line_1_16' title="bbox 161 2238 1640 2329; baseline 0.001 -23"><span class='ocrx_word' id='word_1_140' title='bbox 161 2239 240 2307; x_wconf 91' lang='lat' dir='ltr'><strong>illud</strong></span> <span class='ocrx_word' id='word_1_141' title='bbox 260 2238 358 2310; x_wconf 82' lang='lat' dir='ltr'><strong>breue</strong></span> <span class='ocrx_word' id='word_1_142' title='bbox 374 2243 485 2311; x_wconf 89' lang='lat' dir='ltr'><strong>mortis</strong></span> <span class='ocrx_word' id='word_1_143' title='bbox 505 2240 670 2310; x_wconf 87' lang='lat' dir='ltr'><strong>arbitrium</strong></span> <span class='ocrx_word' id='word_1_144' title='bbox 692 2243 897 2328; x_wconf 85' lang='lat' dir='ltr'><strong>permitteret.</strong></span> <span class='ocrx_word' id='word_1_145' title='bbox 922 2247 1028 2328; x_wconf 90' lang='lat' dir='ltr'><strong>raptus</strong></span> <span class='ocrx_word' id='word_1_146' title='bbox 1042 2238 1076 2306; x_wconf 89' lang='lat' dir='ltr'><strong>iu</strong></span> <span class='ocrx_word' id='word_1_147' title='bbox 1091 2242 1197 2308; x_wconf 91' lang='lat' dir='ltr'><strong>locum</strong></span> <span class='ocrx_word' id='word_1_148' title='bbox 1211 2238 1378 2308; x_wconf 80' lang='lat' dir='ltr'><strong>servilibus</strong></span> <span class='ocrx_word' id='word_1_149' title='bbox 1391 2240 1542 2329; x_wconf 77' lang='lat' dir='ltr'><strong>poeuis¹⁸</strong></span> <span class='ocrx_word' id='word_1_150' title='bbox 1634 2304 1640 2317; x_wconf 83' lang='lat'><strong>,</strong></span> 
     </span>
    </p>
   </div>
   <div class='ocr_carea' id='block_1_4' title="bbox 161 2450 1505 3293">
    <p class='ocr_par' dir='ltr' id='par_1_4' title="bbox 161 2450 1505 3293">
     <span class='ocr_line' id='line_1_17' title="bbox 233 2450 1503 2518; baseline 0.002 -16"><span class='ocrx_word' id='word_1_151' title='bbox 233 2452 260 2503; x_wconf 87' lang='lat' dir='ltr'><strong>i.</strong></span> <span class='ocrx_word' id='word_1_152' title='bbox 289 2464 398 2516; x_wconf 75' lang='lat' dir='ltr'><strong>sperare</strong></span> <span class='ocrx_word' id='word_1_153' title='bbox 421 2453 466 2505; x_wconf 85' lang='lat' dir='ltr'><strong>ii:</strong></span> <span class='ocrx_word' id='word_1_154' title='bbox 498 2454 602 2518; x_wconf 69' lang='lat' dir='ltr'><strong>sperari</strong></span> <span class='ocrx_word' id='word_1_155' title='bbox 628 2465 689 2505; x_wconf 84' lang='lat' dir='ltr'><strong>eum</strong></span> <span class='ocrx_word' id='word_1_156' title='bbox 718 2451 805 2505; x_wconf 85' lang='lat' dir='ltr'><strong>Gnelt.</strong></span> <span class='ocrx_word' id='word_1_157' title='bbox 825 2456 853 2505; x_wconf 88' lang='lat' dir='ltr'><strong>et</strong></span> <span class='ocrx_word' id='word_1_158' title='bbox 877 2451 980 2503; x_wconf 84' lang='lat' dir='ltr'><strong>Puteal.</strong></span> <span class='ocrx_word' id='word_1_159' title='bbox 1003 2450 1036 2503; x_wconf 84' lang='grc' dir='ltr'><strong>Β.</strong></span> <span class='ocrx_word' id='word_1_160' title='bbox 1070 2473 1101 2488; x_wconf 90' lang='grc'>-</span> <span class='ocrx_word' id='word_1_161' title='bbox 1129 2450 1218 2504; x_wconf 83' lang='lat' dir='ltr'><strong>liubai</strong></span> <span class='ocrx_word' id='word_1_162' title='bbox 1236 2452 1365 2502; x_wconf 77' lang='lat' dir='ltr'><strong>ameiatui</strong></span> <span class='ocrx_word' id='word_1_163' title='bbox 1382 2450 1427 2510; x_wconf 89' lang='lat' dir='ltr'><strong>ll,</strong></span> <span class='ocrx_word' id='word_1_164' title='bbox 1448 2464 1503 2504; x_wconf 87' lang='lat' dir='ltr'><strong>non</strong></span> 
     </span>
     <span class='ocr_line' id='line_1_18' title="bbox 162 2522 1502 2586; baseline 0 -12"><span class='ocrx_word' id='word_1_165' title='bbox 162 2524 281 2574; x_wconf 83' lang='lat' dir='ltr'><strong>cruciatu</strong></span> <span class='ocrx_word' id='word_1_166' title='bbox 309 2523 395 2574; x_wconf 85' lang='lat' dir='ltr'><strong>Gueli.</strong></span> <span class='ocrx_word' id='word_1_167' title='bbox 425 2524 498 2575; x_wconf 91' lang='lat' dir='ltr'><strong>llari.</strong></span> <span class='ocrx_word' id='word_1_168' title='bbox 519 2524 594 2575; x_wconf 79' lang='lat' dir='ltr'><strong>bodi.</strong></span> <span class='ocrx_word' id='word_1_169' title='bbox 615 2525 669 2577; x_wconf 83' lang='lat' dir='ltr'><strong>lea.</strong></span> <span class='ocrx_word' id='word_1_170' title='bbox 689 2524 757 2574; x_wconf 81' lang='lat' dir='ltr'><strong>liud.</strong></span> <span class='ocrx_word' id='word_1_171' title='bbox 777 2522 897 2586; x_wconf 83' lang='lat' dir='ltr'><strong>Puteal,</strong></span> <span class='ocrx_word' id='word_1_172' title='bbox 928 2529 1032 2575; x_wconf 86' lang='lat' dir='ltr'><strong>ceterae</strong></span> <span class='ocrx_word' id='word_1_173' title='bbox 1051 2522 1120 2573; x_wconf 84' lang='lat' dir='ltr'><strong>lidd.</strong></span> <span class='ocrx_word' id='word_1_174' title='bbox 1139 2530 1200 2574; x_wconf 89' lang='lat' dir='ltr'><strong>anta</strong></span> <span class='ocrx_word' id='word_1_175' title='bbox 1222 2522 1382 2574; x_wconf 79' lang='lat' dir='ltr'><strong>Bellorum.</strong></span> <span class='ocrx_word' id='word_1_176' title='bbox 1415 2549 1444 2560; x_wconf 96' lang='lat'><em>-</em></span> <span class='ocrx_word' id='word_1_177' title='bbox 1474 2524 1502 2575; x_wconf 78' lang='lat'><strong>2.</strong></span> 
     </span>
     <span class='ocr_line' id='line_1_19' title="bbox 161 2589 1505 2659; baseline 0 -17"><span class='ocrx_word' id='word_1_178' title='bbox 161 2596 299 2644; x_wconf 80' lang='lat' dir='ltr'><strong>uincerent</strong></span> <span class='ocrx_word' id='word_1_179' title='bbox 318 2594 356 2645; x_wconf 82' lang='lat' dir='ltr'><strong>ii.</strong></span> <span class='ocrx_word' id='word_1_180' title='bbox 376 2616 405 2629; x_wconf 91' lang='lat'>-</span> <span class='ocrx_word' id='word_1_181' title='bbox 425 2595 451 2645; x_wconf 80' lang='lat' dir='ltr'><strong>b.</strong></span> <span class='ocrx_word' id='word_1_182' title='bbox 472 2607 567 2657; x_wconf 81' lang='lat' dir='ltr'><strong>remp.</strong></span> <span class='ocrx_word' id='word_1_183' title='bbox 588 2618 616 2632; x_wconf 88' lang='lat'><strong>-·</strong></span> <span class='ocrx_word' id='word_1_184' title='bbox 637 2598 664 2648; x_wconf 83' lang='lat'><strong>5.</strong></span> <span class='ocrx_word' id='word_1_185' title='bbox 682 2596 760 2659; x_wconf 87' lang='lat' dir='ltr'><strong>adpr.</strong></span> <span class='ocrx_word' id='word_1_186' title='bbox 778 2593 822 2645; x_wconf 83' lang='lat' dir='ltr'><strong>ii:</strong></span> <span class='ocrx_word' id='word_1_187' title='bbox 842 2606 922 2658; x_wconf 84' lang='lat' dir='ltr'><strong>appr.</strong></span> <span class='ocrx_word' id='word_1_188' title='bbox 941 2591 1058 2644; x_wconf 78' lang='lat' dir='ltr'><strong>ia-t.</strong></span> <span class='ocrx_word' id='word_1_189' title='bbox 1072 2589 1167 2658; x_wconf 68' lang='lat' dir='ltr'><strong>rupma</strong></span> <span class='ocrx_word' id='word_1_190' title='bbox 1179 2591 1299 2643; x_wconf 85' lang='lat' dir='ltr'><strong>ii.-·1.</strong></span> <span class='ocrx_word' id='word_1_191' title='bbox 1314 2592 1401 2644; x_wconf 80' lang='lat' dir='ltr'><strong>Habet</strong></span> <span class='ocrx_word' id='word_1_192' title='bbox 1412 2594 1505 2659; x_wconf 74' lang='lat' dir='ltr'><strong>pirata·</strong></span> 
     </span>
     <span class='ocr_line' id='line_1_20' title="bbox 162 2659 1504 2732; baseline 0 -18"><span class='ocrx_word' id='word_1_193' title='bbox 162 2664 210 2714; x_wconf 88' lang='lat' dir='ltr'><strong>bat</strong></span> <span class='ocrx_word' id='word_1_194' title='bbox 228 2665 272 2722; x_wconf 88' lang='lat' dir='ltr'><strong>ii,</strong></span> <span class='ocrx_word' id='word_1_195' title='bbox 301 2678 354 2715; x_wconf 88' lang='lat' dir='ltr'><strong>non</strong></span> <span class='ocrx_word' id='word_1_196' title='bbox 376 2666 465 2732; x_wconf 77' lang='lat' dir='ltr'><strong>qtrmat</strong></span> <span class='ocrx_word' id='word_1_197' title='bbox 488 2666 556 2716; x_wconf 81' lang='lat' dir='ltr'><strong>llud·</strong></span> <span class='ocrx_word' id='word_1_198' title='bbox 577 2665 665 2717; x_wconf 79' lang='lat' dir='ltr'><strong>liban.</strong></span> <span class='ocrx_word' id='word_1_199' title='bbox 694 2689 725 2702; x_wconf 92' lang='lat'>-</span> <span class='ocrx_word' id='word_1_200' title='bbox 759 2677 789 2728; x_wconf 88' lang='lat' dir='ltr'><strong>qa</strong></span> <span class='ocrx_word' id='word_1_201' title='bbox 815 2676 876 2714; x_wconf 84' lang='lat' dir='ltr'><strong>rum</strong></span> <span class='ocrx_word' id='word_1_202' title='bbox 895 2666 940 2715; x_wconf 88' lang='lat' dir='ltr'><strong>iin.</strong></span> <span class='ocrx_word' id='word_1_203' title='bbox 963 2671 1109 2715; x_wconf 83' lang='lat' dir='ltr'><strong>transuersa</strong></span> <span class='ocrx_word' id='word_1_204' title='bbox 1131 2667 1157 2715; x_wconf 96' lang='lat' dir='ltr'><strong>tn</strong></span> <span class='ocrx_word' id='word_1_205' title='bbox 1177 2664 1228 2716; x_wconf 85' lang='lat' dir='ltr'><strong>litt.</strong></span> <span class='ocrx_word' id='word_1_206' title='bbox 1248 2677 1265 2729; x_wconf 90' lang='lat' dir='ltr'><strong>q</strong></span> <span class='ocrx_word' id='word_1_207' title='bbox 1282 2659 1361 2727; x_wconf 84' lang='lat' dir='ltr'><strong>(quia)</strong></span> <span class='ocrx_word' id='word_1_208' title='bbox 1380 2664 1416 2714; x_wconf 82' lang='lat' dir='ltr'><strong>it.</strong></span> <span class='ocrx_word' id='word_1_209' title='bbox 1439 2663 1504 2715; x_wconf 86' lang='lat' dir='ltr'><strong>Cor·</strong></span> 
     </span>
     <span class='ocr_line' id='line_1_21' title="bbox 163 2733 1501 2803; baseline -0.001 -18"><span class='ocrx_word' id='word_1_210' title='bbox 163 2737 230 2785; x_wconf 85' lang='lat' dir='ltr'><strong>reait</strong></span> <span class='ocrx_word' id='word_1_211' title='bbox 247 2735 403 2786; x_wconf 81' lang='lat' dir='ltr'><strong>Beroaldus·</strong></span> <span class='ocrx_word' id='word_1_212' title='bbox 433 2760 462 2774; x_wconf 94' lang='lat'>-</span> <span class='ocrx_word' id='word_1_213' title='bbox 491 2735 519 2787; x_wconf 81' lang='lat'><strong>8.</strong></span> <span class='ocrx_word' id='word_1_214' title='bbox 537 2749 692 2803; x_wconf 87' lang='lat' dir='ltr'><strong>quanquam</strong></span> <span class='ocrx_word' id='word_1_215' title='bbox 711 2734 756 2785; x_wconf 80' lang='lat' dir='ltr'><strong>it:</strong></span> <span class='ocrx_word' id='word_1_216' title='bbox 786 2741 916 2799; x_wconf 85' lang='lat' dir='ltr'><strong>tauquam</strong></span> <span class='ocrx_word' id='word_1_217' title='bbox 943 2741 1051 2787; x_wconf 88' lang='lat' dir='ltr'><strong>auctore</strong></span> <span class='ocrx_word' id='word_1_218' title='bbox 1069 2735 1198 2786; x_wconf 78' lang='lat' dir='ltr'><strong>Rbanano</strong></span> <span class='ocrx_word' id='word_1_219' title='bbox 1217 2734 1250 2784; x_wconf 88' lang='grc' dir='ltr'><strong>Β.</strong></span> <span class='ocrx_word' id='word_1_220' title='bbox 1279 2757 1311 2769; x_wconf 90' lang='grc'>-</span> <span class='ocrx_word' id='word_1_221' title='bbox 1337 2733 1364 2784; x_wconf 83' lang='lat' dir='ltr'><strong>ti.</strong></span> <span class='ocrx_word' id='word_1_222' title='bbox 1384 2734 1437 2784; x_wconf 84' lang='lat' dir='ltr'><strong>iub·</strong></span> <span class='ocrx_word' id='word_1_223' title='bbox 1457 2734 1501 2785; x_wconf 77' lang='lat' dir='ltr'><strong>bia</strong></span> 
     </span>
     <span class='ocr_line' id='line_1_22' title="bbox 162 2805 1502 2871; baseline 0 -16"><span class='ocrx_word' id='word_1_224' title='bbox 162 2805 276 2856; x_wconf 86' lang='lat' dir='ltr'><strong>imb.1t.</strong></span> <span class='ocrx_word' id='word_1_225' title='bbox 306 2831 337 2843; x_wconf 91' lang='lat'><em>-</em></span> <span class='ocrx_word' id='word_1_226' title='bbox 362 2806 448 2871; x_wconf 82' lang='lat' dir='ltr'><strong>{cedia</strong></span> <span class='ocrx_word' id='word_1_227' title='bbox 466 2805 505 2856; x_wconf 86' lang='lat' dir='ltr'><strong>it.</strong></span> <span class='ocrx_word' id='word_1_228' title='bbox 530 2833 557 2846; x_wconf 92' lang='lat'><em>-</em></span> <span class='ocrx_word' id='word_1_229' title='bbox 580 2808 622 2856; x_wconf 87' lang='lat' dir='ltr'><strong>ti.</strong></span> <span class='ocrx_word' id='word_1_230' title='bbox 642 2808 706 2858; x_wconf 82' lang='lat' dir='ltr'><strong>Post</strong></span> <span class='ocrx_word' id='word_1_231' title='bbox 725 2820 749 2854; x_wconf 84' lang='lat' dir='ltr'><strong>r.</strong></span> <span class='ocrx_word' id='word_1_232' title='bbox 768 2807 939 2856; x_wconf 82' lang='lat' dir='ltr'><strong>matrimonio</strong></span> <span class='ocrx_word' id='word_1_233' title='bbox 959 2806 1046 2856; x_wconf 88' lang='lat' dir='ltr'><strong>biatua</strong></span> <span class='ocrx_word' id='word_1_234' title='bbox 1064 2807 1091 2856; x_wconf 91' lang='lat' dir='ltr'><strong>iu</strong></span> <span class='ocrx_word' id='word_1_235' title='bbox 1111 2805 1155 2865; x_wconf 84' lang='lat' dir='ltr'><strong>ii,</strong></span> <span class='ocrx_word' id='word_1_236' title='bbox 1173 2818 1264 2858; x_wconf 85' lang='lat' dir='ltr'><strong>rerum</strong></span> <span class='ocrx_word' id='word_1_237' title='bbox 1283 2816 1335 2855; x_wconf 86' lang='lat' dir='ltr'><strong>non</strong></span> <span class='ocrx_word' id='word_1_238' title='bbox 1355 2808 1382 2855; x_wconf 92' lang='lat' dir='ltr'><strong>tn</strong></span> <span class='ocrx_word' id='word_1_239' title='bbox 1400 2817 1502 2861; x_wconf 86' lang='lat' dir='ltr'><strong>rasura,</strong></span> 
     </span>
     <span class='ocr_line' id='line_1_23' title="bbox 162 2875 1504 2940; baseline -0.003 -12"><span class='ocrx_word' id='word_1_240' title='bbox 162 2877 210 2928; x_wconf 83' lang='lat' dir='ltr'><strong>aed</strong></span> <span class='ocrx_word' id='word_1_241' title='bbox 227 2881 334 2940; x_wconf 88' lang='lat' dir='ltr'><strong>propter</strong></span> <span class='ocrx_word' id='word_1_242' title='bbox 352 2876 531 2926; x_wconf 87' lang='lat' dir='ltr'><strong>membranam</strong></span> <span class='ocrx_word' id='word_1_243' title='bbox 550 2879 644 2939; x_wconf 83' lang='lat' dir='ltr'><strong>ipsam.</strong></span> <span class='ocrx_word' id='word_1_244' title='bbox 667 2901 695 2914; x_wconf 92' lang='lat'>-</span> <span class='ocrx_word' id='word_1_245' title='bbox 717 2875 806 2927; x_wconf 86' lang='lat' dir='ltr'><strong>ilabet</strong></span> <span class='ocrx_word' id='word_1_246' title='bbox 822 2876 967 2927; x_wconf 82' lang='lat' dir='ltr'><strong>abstulerat</strong></span> <span class='ocrx_word' id='word_1_247' title='bbox 985 2877 1030 2930; x_wconf 81' lang='lat' dir='ltr'><strong>ii,</strong></span> <span class='ocrx_word' id='word_1_248' title='bbox 1061 2889 1114 2927; x_wconf 92' lang='lat' dir='ltr'><strong>nan</strong></span> <span class='ocrx_word' id='word_1_249' title='bbox 1132 2876 1317 2935; x_wconf 78' lang='lat' dir='ltr'><strong>abstulerant,</strong></span> <span class='ocrx_word' id='word_1_250' title='bbox 1336 2881 1365 2925; x_wconf 95' lang='lat' dir='ltr'><strong>ut</strong></span> <span class='ocrx_word' id='word_1_251' title='bbox 1383 2882 1504 2925; x_wconf 83' lang='lat' dir='ltr'><strong>narretur</strong></span> 
     </span>
     <span class='ocr_line' id='line_1_24' title="bbox 163 2944 1504 3011; baseline -0.001 -14"><span class='ocrx_word' id='word_1_252' title='bbox 163 2946 234 3008; x_wconf 89' lang='lat' dir='ltr'><strong>apud</strong></span> <span class='ocrx_word' id='word_1_253' title='bbox 253 2946 413 2998; x_wconf 82' lang='lat' dir='ltr'><strong>Bellorum.</strong></span> <span class='ocrx_word' id='word_1_254' title='bbox 444 2970 474 2983; x_wconf 93' lang='lat'><em>-</em></span> <span class='ocrx_word' id='word_1_255' title='bbox 495 2948 538 2997; x_wconf 82' lang='lat' dir='ltr'><strong>ta.</strong></span> <span class='ocrx_word' id='word_1_256' title='bbox 557 2950 636 2997; x_wconf 79' lang='lat' dir='ltr'><strong>Atria</strong></span> <span class='ocrx_word' id='word_1_257' title='bbox 654 2944 736 3011; x_wconf 69' lang='lat' dir='ltr'><strong>(atrii</strong></span> <span class='ocrx_word' id='word_1_258' title='bbox 754 2955 879 3011; x_wconf 85' lang='lat' dir='ltr'><strong>quattuor</strong></span> <span class='ocrx_word' id='word_1_259' title='bbox 897 2954 960 2998; x_wconf 86' lang='lat' dir='ltr'><strong>aunt</strong></span> <span class='ocrx_word' id='word_1_260' title='bbox 977 2945 1049 3008; x_wconf 89' lang='lat' dir='ltr'><strong>apud</strong></span> <span class='ocrx_word' id='word_1_261' title='bbox 1069 2945 1227 3004; x_wconf 84' lang='lat' dir='ltr'><strong>Gruterum,</strong></span> <span class='ocrx_word' id='word_1_262' title='bbox 1251 2947 1305 2994; x_wconf 90' lang='lat' dir='ltr'><strong>duo</strong></span> <span class='ocrx_word' id='word_1_263' title='bbox 1324 2946 1396 3007; x_wconf 88' lang='lat' dir='ltr'><strong>apud</strong></span> <span class='ocrx_word' id='word_1_264' title='bbox 1414 2946 1504 2997; x_wconf 84' lang='lat' dir='ltr'><strong>itura·</strong></span> 
     </span>
     <span class='ocr_line' id='line_1_25' title="bbox 162 3014 1502 3079; baseline -0.001 -12"><span class='ocrx_word' id='word_1_265' title='bbox 162 3014 271 3079; x_wconf 85' lang='lat' dir='ltr'><strong>tarium)</strong></span> <span class='ocrx_word' id='word_1_266' title='bbox 288 3016 332 3067; x_wconf 72' lang='lat' dir='ltr'><strong>etz</strong></span> <span class='ocrx_word' id='word_1_267' title='bbox 351 3015 433 3067; x_wconf 74' lang='lat' dir='ltr'><strong>Arria</strong></span> <span class='ocrx_word' id='word_1_268' title='bbox 452 3028 512 3068; x_wconf 84' lang='lat' dir='ltr'><strong>auur</strong></span> <span class='ocrx_word' id='word_1_269' title='bbox 531 3018 662 3069; x_wconf 83' lang='lat' dir='ltr'><strong>Beroaido</strong></span> <span class='ocrx_word' id='word_1_270' title='bbox 680 3019 712 3068; x_wconf 85' lang='lat' dir='ltr'><strong>u.</strong></span> <span class='ocrx_word' id='word_1_271' title='bbox 730 3041 762 3055; x_wconf 89' lang='lat'><strong>·-</strong></span> <span class='ocrx_word' id='word_1_272' title='bbox 792 3017 879 3069; x_wconf 81' lang='lat' dir='ltr'><strong>Habet</strong></span> <span class='ocrx_word' id='word_1_273' title='bbox 897 3017 969 3067; x_wconf 81' lang='lat' dir='ltr'><strong>Situs</strong></span> <span class='ocrx_word' id='word_1_274' title='bbox 987 3016 1204 3078; x_wconf 83' lang='lat' dir='ltr'><strong>b1,nunSiiiua</strong></span> <span class='ocrx_word' id='word_1_275' title='bbox 1223 3016 1322 3073; x_wconf 65' lang='lat' dir='ltr'><strong>Gueit,</strong></span> <span class='ocrx_word' id='word_1_276' title='bbox 1342 3016 1385 3067; x_wconf 90' lang='lat' dir='ltr'><strong>aiii</strong></span> <span class='ocrx_word' id='word_1_277' title='bbox 1405 3014 1502 3073; x_wconf 75' lang='lat' dir='ltr'><strong>codd..</strong></span> 
     </span>
     <span class='ocr_line' id='line_1_26' title="bbox 163 3086 1505 3151; baseline -0.001 -13"><span class='ocrx_word' id='word_1_278' title='bbox 163 3086 233 3138; x_wconf 80' lang='lat' dir='ltr'><strong>de.</strong></span> <span class='ocrx_word' id='word_1_279' title='bbox 252 3098 266 3136; x_wconf 93' lang='lat' dir='ltr'><strong>a</strong></span> <span class='ocrx_word' id='word_1_280' title='bbox 285 3087 414 3140; x_wconf 81' lang='lat' dir='ltr'><strong>libeuanc</strong></span> <span class='ocrx_word' id='word_1_281' title='bbox 433 3100 518 3151; x_wconf 87' lang='lat' dir='ltr'><strong>usqua</strong></span> <span class='ocrx_word' id='word_1_282' title='bbox 537 3090 570 3139; x_wconf 88' lang='lat' dir='ltr'><strong>ad</strong></span> <span class='ocrx_word' id='word_1_283' title='bbox 592 3090 655 3139; x_wconf 80' lang='lat' dir='ltr'><strong>lim.</strong></span> <span class='ocrx_word' id='word_1_284' title='bbox 677 3112 706 3124; x_wconf 91' lang='lat'>-</span> <span class='ocrx_word' id='word_1_285' title='bbox 725 3090 783 3151; x_wconf 85' lang='lat' dir='ltr'><strong>inp.</strong></span> <span class='ocrx_word' id='word_1_286' title='bbox 803 3088 851 3140; x_wconf 82' lang='lat' dir='ltr'><strong>ui:</strong></span> <span class='ocrx_word' id='word_1_287' title='bbox 870 3088 937 3151; x_wconf 88' lang='lat' dir='ltr'><strong>imp.</strong></span> <span class='ocrx_word' id='word_1_288' title='bbox 959 3089 989 3137; x_wconf 80' lang='lat' dir='ltr'><strong>lt.</strong></span> <span class='ocrx_word' id='word_1_289' title='bbox 1012 3110 1041 3123; x_wconf 91' lang='lat'>-</span> <span class='ocrx_word' id='word_1_290' title='bbox 1067 3087 1112 3138; x_wconf 77' lang='lat' dir='ltr'><strong>ib.</strong></span> <span class='ocrx_word' id='word_1_291' title='bbox 1132 3088 1220 3141; x_wconf 87' lang='lat' dir='ltr'><strong>Habet</strong></span> <span class='ocrx_word' id='word_1_292' title='bbox 1237 3088 1352 3137; x_wconf 84' lang='lat' dir='ltr'><strong>eouautir</strong></span> <span class='ocrx_word' id='word_1_293' title='bbox 1371 3087 1505 3150; x_wconf 81' lang='lat' dir='ltr'><strong>dariquott</strong></span> 
     </span>
     <span class='ocr_line' id='line_1_27' title="bbox 163 3157 1504 3222; baseline 0 -15"><span class='ocrx_word' id='word_1_294' title='bbox 163 3158 288 3208; x_wconf 78' lang='lat' dir='ltr'><strong>omnibus</strong></span> <span class='ocrx_word' id='word_1_295' title='bbox 306 3159 398 3210; x_wconf 86' lang='lat' dir='ltr'><strong>titteris</strong></span> <span class='ocrx_word' id='word_1_296' title='bbox 417 3158 457 3212; x_wconf 89' lang='lat' dir='ltr'><strong>ii,</strong></span> <span class='ocrx_word' id='word_1_297' title='bbox 478 3172 531 3209; x_wconf 90' lang='lat' dir='ltr'><strong>nnn</strong></span> <span class='ocrx_word' id='word_1_298' title='bbox 550 3172 623 3211; x_wconf 82' lang='lat' dir='ltr'><strong>cous.</strong></span> <span class='ocrx_word' id='word_1_299' title='bbox 641 3160 714 3215; x_wconf 85' lang='lat' dir='ltr'><strong>der..</strong></span> <span class='ocrx_word' id='word_1_300' title='bbox 736 3168 766 3210; x_wconf 89' lang='lat' dir='ltr'><strong>ut</strong></span> <span class='ocrx_word' id='word_1_301' title='bbox 784 3165 905 3210; x_wconf 88' lang='lat' dir='ltr'><strong>narretur</strong></span> <span class='ocrx_word' id='word_1_302' title='bbox 923 3158 993 3222; x_wconf 85' lang='lat' dir='ltr'><strong>apud</strong></span> <span class='ocrx_word' id='word_1_303' title='bbox 1012 3157 1192 3212; x_wconf 80' lang='lat' dir='ltr'><strong>waltherum.</strong></span> <span class='ocrx_word' id='word_1_304' title='bbox 1216 3183 1242 3197; x_wconf 93' lang='lat'><em>-</em></span> <span class='ocrx_word' id='word_1_305' title='bbox 1265 3158 1308 3209; x_wconf 83' lang='lat'><strong>15.</strong></span> <span class='ocrx_word' id='word_1_306' title='bbox 1328 3158 1418 3222; x_wconf 83' lang='lat' dir='ltr'><strong>brace,</strong></span> <span class='ocrx_word' id='word_1_307' title='bbox 1432 3170 1504 3207; x_wconf 87' lang='lat' dir='ltr'><strong>mor·</strong></span> 
     </span>
     <span class='ocr_line' id='line_1_28' title="bbox 163 3228 741 3293; baseline 0.002 -13"><span class='ocrx_word' id='word_1_308' title='bbox 163 3230 198 3280; x_wconf 88' lang='lat' dir='ltr'><strong>tir</strong></span> <span class='ocrx_word' id='word_1_309' title='bbox 217 3229 336 3281; x_wconf 85' lang='lat' dir='ltr'><strong>dlattnaii</strong></span> <span class='ocrx_word' id='word_1_310' title='bbox 352 3229 520 3281; x_wconf 85' lang='lat' dir='ltr'><strong>Doederlein.</strong></span> <span class='ocrx_word' id='word_1_311' title='bbox 542 3256 569 3268; x_wconf 98' lang='lat'>-</span> <span class='ocrx_word' id='word_1_312' title='bbox 589 3232 684 3293; x_wconf 83' lang='lat' dir='ltr'><strong>paenis</strong></span> <span class='ocrx_word' id='word_1_313' title='bbox 702 3228 741 3281; x_wconf 83' lang='lat' dir='ltr'><strong>bl.</strong></span> 
     </span>
    </p>
   </div>
   <div class='ocr_carea' id='block_1_5' title="bbox 162 3411 1505 5243">
    <p class='ocr_par' dir='ltr' id='par_1_5' title="bbox 164 3411 1503 3559">
     <span class='ocr_line' id='line_1_29' title="bbox 166 3411 1503 3485; baseline 0.002 -25"><span class='ocrx_word' id='word_1_314' title='bbox 166 3411 312 3466; x_wconf 76' lang='lat' dir='ltr'><strong>astritici</strong></span> <span class='ocrx_word' id='word_1_315' title='bbox 326 3413 398 3475; x_wconf 86' lang='lat' dir='ltr'><strong>prius</strong></span> <span class='ocrx_word' id='word_1_316' title='bbox 412 3415 574 3485; x_wconf 87' lang='lat' dir='ltr'><strong>eriperetur,</strong></span> <span class='ocrx_word' id='word_1_317' title='bbox 589 3425 667 3476; x_wconf 89' lang='lat' dir='ltr'><strong>qnam</strong></span> <span class='ocrx_word' id='word_1_318' title='bbox 681 3415 815 3475; x_wconf 86' lang='lat' dir='ltr'><strong>inceptum</strong></span> <span class='ocrx_word' id='word_1_319' title='bbox 854 3412 937 3466; x_wconf 82' lang='lat' dir='ltr'><strong>tacitis</strong></span> <span class='ocrx_word' id='word_1_320' title='bbox 965 3412 1057 3465; x_wconf 85' lang='lat' dir='ltr'><strong>tutaret</strong></span> <span class='ocrx_word' id='word_1_321' title='bbox 1084 3414 1111 3463; x_wconf 88' lang='lat' dir='ltr'><strong>iu</strong></span> <span class='ocrx_word' id='word_1_322' title='bbox 1137 3415 1270 3474; x_wconf 89' lang='lat' dir='ltr'><strong>amicum,</strong></span> <span class='ocrx_word' id='word_1_323' title='bbox 1302 3414 1346 3477; x_wconf 90' lang='lat' dir='ltr'><strong>qul</strong></span> <span class='ocrx_word' id='word_1_324' title='bbox 1373 3414 1423 3475; x_wconf 89' lang='lat' dir='ltr'><strong>ipsi</strong></span> <span class='ocrx_word' id='word_1_325' title='bbox 1452 3416 1503 3465; x_wconf 87' lang='lat' dir='ltr'><strong>taur</strong></span> 
     </span>
     <span class='ocr_line' id='line_1_30' title="bbox 164 3494 1363 3559; baseline -0.002 -15"><span class='ocrx_word' id='word_1_326' title='bbox 164 3506 244 3545; x_wconf 86' lang='lat' dir='ltr'><strong>suum</strong></span> <span class='ocrx_word' id='word_1_327' title='bbox 272 3499 465 3555; x_wconf 72' lang='lat' dir='ltr'><strong>attenuaretur</strong></span> <span class='ocrx_word' id='word_1_328' title='bbox 491 3494 655 3557; x_wconf 72' lang='lat' dir='ltr'><strong>gloriamque</strong></span> <span class='ocrx_word' id='word_1_329' title='bbox 683 3494 745 3546; x_wconf 87' lang='lat' dir='ltr'><strong>inde</strong></span> <span class='ocrx_word' id='word_1_330' title='bbox 764 3494 815 3545; x_wconf 87' lang='lat' dir='ltr'><strong>ribi</strong></span> <span class='ocrx_word' id='word_1_331' title='bbox 853 3496 1028 3559; x_wconf 70' lang='lat' dir='ltr'><strong>ignominiosa</strong></span> <span class='ocrx_word' id='word_1_332' title='bbox 1049 3494 1189 3558; x_wconf 70' lang='lat' dir='ltr'><strong>coniugam</strong></span> <span class='ocrx_word' id='word_1_333' title='bbox 1212 3495 1363 3556; x_wconf 71' lang='lat' dir='ltr'><strong>eripuisset.</strong></span> 
     </span>
    </p>

    <p class='ocr_par' dir='ltr' id='par_1_6' title="bbox 162 3568 1505 5243">
     <span class='ocr_line' id='line_1_31' title="bbox 164 3568 1505 3637; baseline -0.001 -12"><span class='ocrx_word' id='word_1_334' title='bbox 164 3578 297 3636; x_wconf 74' lang='lat' dir='ltr'><strong>pararet.»</strong></span> <span class='ocrx_word' id='word_1_335' title='bbox 315 3596 349 3609; x_wconf 88' lang='lat'>-</span> <span class='ocrx_word' id='word_1_336' title='bbox 369 3569 544 3637; x_wconf 81' lang='lat' dir='ltr'><strong>adprobaret]</strong></span> <span class='ocrx_word' id='word_1_337' title='bbox 561 3572 718 3623; x_wconf 84' lang='lat' dir='ltr'><strong>laudandam</strong></span> <span class='ocrx_word' id='word_1_338' title='bbox 738 3573 815 3625; x_wconf 83' lang='lat' dir='ltr'><strong>erbi—</strong></span> <span class='ocrx_word' id='word_1_339' title='bbox 887 3574 932 3626; x_wconf 84' lang='lat' dir='ltr'><strong>db.</strong></span> <span class='ocrx_word' id='word_1_340' title='bbox 962 3573 1032 3625; x_wconf 85' lang='lat' dir='ltr'><strong>titud</strong></span> <span class='ocrx_word' id='word_1_341' title='bbox 1049 3573 1124 3625; x_wconf 67' lang='lat' dir='ltr'><strong>meua</strong></span> <span class='ocrx_word' id='word_1_342' title='bbox 1140 3575 1237 3625; x_wconf 84' lang='lat' dir='ltr'><strong>martia</strong></span> <span class='ocrx_word' id='word_1_343' title='bbox 1255 3568 1413 3636; x_wconf 80' lang='lat' dir='ltr'><strong>arbitrium]</strong></span> <span class='ocrx_word' id='word_1_344' title='bbox 1434 3572 1505 3623; x_wconf 86' lang='lat' dir='ltr'><strong>Doa-</strong></span> 
     </span>
     <span class='ocr_line' id='line_1_32' title="bbox 164 3651 1505 3717; baseline -0.001 -13"><span class='ocrx_word' id='word_1_345' title='bbox 164 3655 248 3706; x_wconf 84' lang='lat' dir='ltr'><strong>beret.</strong></span> <span class='ocrx_word' id='word_1_346' title='bbox 268 3653 375 3706; x_wconf 77' lang='lat' dir='ltr'><strong>Danau.</strong></span> <span class='ocrx_word' id='word_1_347' title='bbox 397 3678 427 3692; x_wconf 90' lang='lat'>-</span> <span class='ocrx_word' id='word_1_348' title='bbox 446 3666 609 3717; x_wconf 85' lang='lat' dir='ltr'><strong>quamquam</strong></span> <span class='ocrx_word' id='word_1_349' title='bbox 624 3651 727 3716; x_wconf 75' lang='lat' dir='ltr'><strong>facore]</strong></span> <span class='ocrx_word' id='word_1_350' title='bbox 745 3653 815 3703; x_wconf 86' lang='lat' dir='ltr'><strong>sciti·</strong></span> <span class='ocrx_word' id='word_1_351' title='bbox 854 3654 954 3707; x_wconf 88' lang='lat' dir='ltr'><strong>derietn</strong></span> <span class='ocrx_word' id='word_1_352' title='bbox 974 3653 1139 3717; x_wconf 71' lang='lat' dir='ltr'><strong>distinguent</strong></span> <span class='ocrx_word' id='word_1_353' title='bbox 1159 3660 1218 3717; x_wconf 89' lang='lat' dir='ltr'><strong>post</strong></span> <span class='ocrx_word' id='word_1_354' title='bbox 1235 3667 1260 3705; x_wconf 83' lang='lat' dir='ltr'><strong>t.</strong></span> <span class='ocrx_word' id='word_1_355' title='bbox 1281 3653 1355 3703; x_wconf 87' lang='lat' dir='ltr'><strong>breue</strong></span> <span class='ocrx_word' id='word_1_356' title='bbox 1373 3653 1439 3703; x_wconf 86' lang='lat' dir='ltr'><strong>baec</strong></span> <span class='ocrx_word' id='word_1_357' title='bbox 1459 3651 1505 3702; x_wconf 89' lang='lat' dir='ltr'><strong>ad-</strong></span> 
     </span>
     <span class='ocr_line' id='line_1_33' title="bbox 163 3732 1504 3798; baseline -0.002 -10"><span class='ocrx_word' id='word_1_358' title='bbox 163 3743 206 3788; x_wconf 83' lang='lat' dir='ltr'><strong>eat</strong></span> <span class='ocrx_word' id='word_1_359' title='bbox 222 3735 354 3792; x_wconf 84' lang='lat' dir='ltr'><strong>Neronia,</strong></span> <span class='ocrx_word' id='word_1_360' title='bbox 373 3740 403 3785; x_wconf 90' lang='lat' dir='ltr'><strong>nt</strong></span> <span class='ocrx_word' id='word_1_361' title='bbox 422 3734 490 3784; x_wconf 87' lang='lat' dir='ltr'><strong>litat.</strong></span> <span class='ocrx_word' id='word_1_362' title='bbox 510 3733 544 3793; x_wconf 75' lang='lat'><strong>2,</strong></span> <span class='ocrx_word' id='word_1_363' title='bbox 563 3732 616 3783; x_wconf 79' lang='lat'><strong>85:</strong></span> <span class='ocrx_word' id='word_1_364' title='bbox 637 3733 749 3798; x_wconf 81' lang='lat' dir='ltr'><strong>taqioaes</strong></span> <span class='ocrx_word' id='word_1_365' title='bbox 767 3734 816 3781; x_wconf 85' lang='lat' dir='ltr'><strong>im·</strong></span> <span class='ocrx_word' id='word_1_366' title='bbox 853 3742 944 3786; x_wconf 77' lang='lat' dir='ltr'><strong>notata</strong></span> <span class='ocrx_word' id='word_1_367' title='bbox 966 3734 1065 3785; x_wconf 75' lang='lat' dir='ltr'><strong>aliaeue</strong></span> <span class='ocrx_word' id='word_1_368' title='bbox 1084 3748 1131 3798; x_wconf 90' lang='lat' dir='ltr'><strong>pro</strong></span> <span class='ocrx_word' id='word_1_369' title='bbox 1143 3735 1307 3786; x_wconf 79' lang='lat' dir='ltr'><strong>substantiae</strong></span> <span class='ocrx_word' id='word_1_370' title='bbox 1320 3740 1380 3794; x_wconf 89' lang='lat' dir='ltr'><strong>est,</strong></span> <span class='ocrx_word' id='word_1_371' title='bbox 1399 3741 1428 3783; x_wconf 90' lang='lat' dir='ltr'><strong>ut</strong></span> <span class='ocrx_word' id='word_1_372' title='bbox 1441 3733 1504 3785; x_wconf 88' lang='lat' dir='ltr'><strong>alibi</strong></span> 
     </span>
     <span class='ocr_line' id='line_1_34' title="bbox 164 3812 1505 3878; baseline -0.001 -12"><span class='ocrx_word' id='word_1_373' title='bbox 164 3816 241 3866; x_wconf 81' lang='lat' dir='ltr'><strong>butas</strong></span> <span class='ocrx_word' id='word_1_374' title='bbox 258 3813 349 3878; x_wconf 71' lang='lat' dir='ltr'><strong>[acore</strong></span> <span class='ocrx_word' id='word_1_375' title='bbox 368 3812 487 3864; x_wconf 79' lang='lat' dir='ltr'><strong>octauo.</strong></span> <span class='ocrx_word' id='word_1_376' title='bbox 515 3812 624 3863; x_wconf 80' lang='lat' dir='ltr'><strong>linear.</strong></span> <span class='ocrx_word' id='word_1_377' title='bbox 661 3812 730 3863; x_wconf 86' lang='lat' dir='ltr'><strong>Sana</strong></span> <span class='ocrx_word' id='word_1_378' title='bbox 749 3812 815 3864; x_wconf 88' lang='lat' dir='ltr'><strong>baec</strong></span> <span class='ocrx_word' id='word_1_379' title='bbox 852 3817 938 3868; x_wconf 77' lang='lat' dir='ltr'><strong>triste.</strong></span> <span class='ocrx_word' id='word_1_380' title='bbox 987 3813 1088 3865; x_wconf 85' lang='lat' dir='ltr'><strong>Senaua</strong></span> <span class='ocrx_word' id='word_1_381' title='bbox 1112 3821 1170 3866; x_wconf 78' lang='lat' dir='ltr'><strong>eat:</strong></span> <span class='ocrx_word' id='word_1_382' title='bbox 1199 3828 1231 3865; x_wconf 84' lang='lat' dir='ltr'><strong>aa</strong></span> <span class='ocrx_word' id='word_1_383' title='bbox 1255 3826 1372 3878; x_wconf 83' lang='lat' dir='ltr'><strong>parvum</strong></span> <span class='ocrx_word' id='word_1_384' title='bbox 1401 3814 1505 3877; x_wconf 84' lang='lat' dir='ltr'><strong>quidem</strong></span> 
     </span>
     <span class='ocr_line' id='line_1_35' title="bbox 162 3893 1504 3961; baseline -0.001 -14"><span class='ocrx_word' id='word_1_385' title='bbox 162 3895 236 3947; x_wconf 79' lang='lat' dir='ltr'><strong>bled.</strong></span> <span class='ocrx_word' id='word_1_386' title='bbox 263 3897 343 3946; x_wconf 89' lang='lat' dir='ltr'><strong>unica</strong></span> <span class='ocrx_word' id='word_1_387' title='bbox 372 3905 432 3946; x_wconf 87' lang='lat' dir='ltr'><strong>rara</strong></span> <span class='ocrx_word' id='word_1_388' title='bbox 457 3893 554 3953; x_wconf 90' lang='lat' dir='ltr'><strong>teatio,</strong></span> <span class='ocrx_word' id='word_1_389' title='bbox 582 3893 703 3943; x_wconf 83' lang='lat' dir='ltr'><strong>restituta</strong></span> <span class='ocrx_word' id='word_1_390' title='bbox 729 3893 815 3943; x_wconf 89' lang='lat' dir='ltr'><strong>tama</strong></span> <span class='ocrx_word' id='word_1_391' title='bbox 853 3894 920 3946; x_wconf 86' lang='lat' dir='ltr'><strong>iiiud</strong></span> <span class='ocrx_word' id='word_1_392' title='bbox 938 3895 1105 3961; x_wconf 69' lang='lat' dir='ltr'><strong>beneficium,</strong></span> <span class='ocrx_word' id='word_1_393' title='bbox 1132 3901 1163 3944; x_wconf 87' lang='lat' dir='ltr'><strong>ut</strong></span> <span class='ocrx_word' id='word_1_394' title='bbox 1186 3894 1294 3958; x_wconf 78' lang='lat' dir='ltr'><strong>eiiqaret</strong></span> <span class='ocrx_word' id='word_1_395' title='bbox 1312 3896 1403 3944; x_wconf 84' lang='lat' dir='ltr'><strong>martir</strong></span> <span class='ocrx_word' id='word_1_396' title='bbox 1422 3907 1504 3958; x_wconf 75' lang='lat' dir='ltr'><strong>penus</strong></span> 
     </span>
     <span class='ocr_line' id='line_1_36' title="bbox 163 3972 1505 4039; baseline 0 -13"><span class='ocrx_word' id='word_1_397' title='bbox 163 3975 279 4034; x_wconf 79' lang='lat' dir='ltr'><strong>Baebio,</strong></span> <span class='ocrx_word' id='word_1_398' title='bbox 304 3985 372 4039; x_wconf 87' lang='lat' dir='ltr'><strong>qnae</strong></span> <span class='ocrx_word' id='word_1_399' title='bbox 391 3975 491 4035; x_wconf 88' lang='lat' dir='ltr'><strong>optima</strong></span> <span class='ocrx_word' id='word_1_400' title='bbox 510 3973 633 4035; x_wconf 77' lang='lat' dir='ltr'><strong>exprimit</strong></span> <span class='ocrx_word' id='word_1_401' title='bbox 650 3972 745 4022; x_wconf 88' lang='lat' dir='ltr'><strong>maiam</strong></span> <span class='ocrx_word' id='word_1_402' title='bbox 763 3972 816 4024; x_wconf 83' lang='lat' dir='ltr'><strong>Na·</strong></span> <span class='ocrx_word' id='word_1_403' title='bbox 853 3977 946 4036; x_wconf 80' lang='lat' dir='ltr'><strong>etipse</strong></span> <span class='ocrx_word' id='word_1_404' title='bbox 957 3979 1172 4038; x_wconf 74' lang='lat' dir='ltr'><strong>exsequeretur.»</strong></span> <span class='ocrx_word' id='word_1_405' title='bbox 1185 3973 1251 4027; x_wconf 83' lang='lat' dir='ltr'><strong>iiiut</strong></span> <span class='ocrx_word' id='word_1_406' title='bbox 1265 3972 1351 4036; x_wconf 82' lang='lat' dir='ltr'><strong>piacet</strong></span> <span class='ocrx_word' id='word_1_407' title='bbox 1360 3974 1505 4036; x_wconf 80' lang='lat' dir='ltr'><strong>simplicior</strong></span> 
     </span>
     <span class='ocr_line' id='line_1_37' title="bbox 164 4052 1504 4119; baseline -0.001 -14"><span class='ocrx_word' id='word_1_408' title='bbox 164 4057 236 4106; x_wconf 83' lang='lat' dir='ltr'><strong>ronta</strong></span> <span class='ocrx_word' id='word_1_409' title='bbox 254 4055 443 4106; x_wconf 81' lang='lat' dir='ltr'><strong>conscientiam</strong></span> <span class='ocrx_word' id='word_1_410' title='bbox 462 4060 543 4115; x_wconf 91' lang='lat' dir='ltr'><strong>atque</strong></span> <span class='ocrx_word' id='word_1_411' title='bbox 562 4052 624 4102; x_wconf 89' lang='lat' dir='ltr'><strong>inda</strong></span> <span class='ocrx_word' id='word_1_412' title='bbox 637 4058 721 4102; x_wconf 86' lang='lat' dir='ltr'><strong>ortam</strong></span> <span class='ocrx_word' id='word_1_413' title='bbox 734 4055 814 4102; x_wconf 90' lang='lat' dir='ltr'><strong>animi</strong></span> <span class='ocrx_word' id='word_1_414' title='bbox 853 4058 937 4114; x_wconf 89' lang='lat' dir='ltr'><strong>ratio,</strong></span> <span class='ocrx_word' id='word_1_415' title='bbox 950 4061 980 4106; x_wconf 88' lang='lat' dir='ltr'><strong>ut</strong></span> <span class='ocrx_word' id='word_1_416' title='bbox 989 4056 1131 4119; x_wconf 69' lang='lat' dir='ltr'><strong>iungantur</strong></span> <span class='ocrx_word' id='word_1_417' title='bbox 1141 4067 1183 4106; x_wconf 84' lang='lat' dir='ltr'><strong>tr.</strong></span> <span class='ocrx_word' id='word_1_418' title='bbox 1195 4054 1263 4104; x_wconf 85' lang='lat' dir='ltr'><strong>titud</strong></span> <span class='ocrx_word' id='word_1_419' title='bbox 1272 4054 1346 4106; x_wconf 86' lang='lat' dir='ltr'><strong>breue</strong></span> <span class='ocrx_word' id='word_1_420' title='bbox 1355 4056 1448 4105; x_wconf 85' lang='lat' dir='ltr'><strong>martia</strong></span> <span class='ocrx_word' id='word_1_421' title='bbox 1460 4068 1504 4106; x_wconf 88' lang='lat' dir='ltr'><strong>ar·</strong></span> 
     </span>
     <span class='ocr_line' id='line_1_38' title="bbox 163 4132 1504 4198; baseline -0.001 -11"><span class='ocrx_word' id='word_1_422' title='bbox 163 4135 356 4193; x_wconf 85' lang='lat' dir='ltr'><strong>abiectionem,</strong></span> <span class='ocrx_word' id='word_1_423' title='bbox 378 4136 478 4197; x_wconf 87' lang='lat' dir='ltr'><strong>quippe</strong></span> <span class='ocrx_word' id='word_1_424' title='bbox 497 4134 542 4195; x_wconf 88' lang='lat' dir='ltr'><strong>qai</strong></span> <span class='ocrx_word' id='word_1_425' title='bbox 562 4145 596 4183; x_wconf 86' lang='lat' dir='ltr'><strong>aa</strong></span> <span class='ocrx_word' id='word_1_426' title='bbox 608 4134 691 4185; x_wconf 83' lang='lat' dir='ltr'><strong>reteri</strong></span> <span class='ocrx_word' id='word_1_427' title='bbox 706 4132 815 4193; x_wconf 87' lang='lat' dir='ltr'><strong>quidem</strong></span> <span class='ocrx_word' id='word_1_428' title='bbox 853 4135 978 4191; x_wconf 86' lang='lat' dir='ltr'><strong>bttrium,</strong></span> <span class='ocrx_word' id='word_1_429' title='bbox 991 4141 1037 4185; x_wconf 76' lang='lat' dir='ltr'><strong>eut</strong></span> <span class='ocrx_word' id='word_1_430' title='bbox 1047 4135 1128 4186; x_wconf 88' lang='lat' dir='ltr'><strong>iibere</strong></span> <span class='ocrx_word' id='word_1_431' title='bbox 1140 4134 1341 4186; x_wconf 83' lang='lat' dir='ltr'><strong>destinaretsibi</strong></span> <span class='ocrx_word' id='word_1_432' title='bbox 1351 4147 1383 4185; x_wconf 90' lang='lat' dir='ltr'><strong>ac</strong></span> <span class='ocrx_word' id='word_1_433' title='bbox 1394 4147 1504 4198; x_wconf 83' lang='lat' dir='ltr'><strong>praepa·</strong></span> 
     </span>
     <span class='ocr_line' id='line_1_39' title="bbox 163 4211 1503 4279; baseline -0.004 -12"><span class='ocrx_word' id='word_1_434' title='bbox 163 4215 240 4267; x_wconf 91' lang='lat' dir='ltr'><strong>miitti</strong></span> <span class='ocrx_word' id='word_1_435' title='bbox 255 4214 410 4276; x_wconf 78' lang='lat' dir='ltr'><strong>condierit,</strong></span> <span class='ocrx_word' id='word_1_436' title='bbox 431 4215 549 4279; x_wconf 81' lang='lat' dir='ltr'><strong>quamvis</strong></span> <span class='ocrx_word' id='word_1_437' title='bbox 564 4219 636 4264; x_wconf 87' lang='lat' dir='ltr'><strong>tanto</strong></span> <span class='ocrx_word' id='word_1_438' title='bbox 650 4211 738 4264; x_wconf 83' lang='lat' dir='ltr'><strong>lavore</strong></span> <span class='ocrx_word' id='word_1_439' title='bbox 754 4225 815 4264; x_wconf 87' lang='lat' dir='ltr'><strong>eum</strong></span> <span class='ocrx_word' id='word_1_440' title='bbox 853 4221 924 4266; x_wconf 89' lang='lat' dir='ltr'><strong>rarat</strong></span> <span class='ocrx_word' id='word_1_441' title='bbox 937 4218 1065 4267; x_wconf 80' lang='lat' dir='ltr'><strong>mortem,</strong></span> <span class='ocrx_word' id='word_1_442' title='bbox 1080 4213 1272 4278; x_wconf 84' lang='lat' dir='ltr'><strong>qualiscunque</strong></span> <span class='ocrx_word' id='word_1_443' title='bbox 1287 4216 1336 4276; x_wconf 83' lang='lat' dir='ltr'><strong>ipat</strong></span> <span class='ocrx_word' id='word_1_444' title='bbox 1351 4215 1503 4279; x_wconf 87' lang='lat' dir='ltr'><strong>piraniaset,</strong></span> 
     </span>
     <span class='ocr_line' id='line_1_40' title="bbox 164 4291 1504 4359; baseline -0.002 -12"><span class='ocrx_word' id='word_1_445' title='bbox 164 4295 299 4358; x_wconf 76' lang='lat' dir='ltr'><strong>implexus</strong></span> <span class='ocrx_word' id='word_1_446' title='bbox 317 4302 404 4351; x_wconf 84' lang='lat' dir='ltr'><strong>esset,</strong></span> <span class='ocrx_word' id='word_1_447' title='bbox 428 4293 474 4346; x_wconf 86' lang='lat' dir='ltr'><strong>ted</strong></span> <span class='ocrx_word' id='word_1_448' title='bbox 493 4305 599 4346; x_wconf 86' lang='lat' dir='ltr'><strong>caecam</strong></span> <span class='ocrx_word' id='word_1_449' title='bbox 618 4295 733 4343; x_wconf 83' lang='lat' dir='ltr'><strong>tironum</strong></span> <span class='ocrx_word' id='word_1_450' title='bbox 753 4291 816 4342; x_wconf 88' lang='lat' dir='ltr'><strong>ube·</strong></span> <span class='ocrx_word' id='word_1_451' title='bbox 853 4307 965 4359; x_wconf 83' lang='lat' dir='ltr'><strong>eamque</strong></span> <span class='ocrx_word' id='word_1_452' title='bbox 989 4296 1078 4344; x_wconf 78' lang='lat' dir='ltr'><strong>staura</strong></span> <span class='ocrx_word' id='word_1_453' title='bbox 1101 4300 1255 4357; x_wconf 87' lang='lat' dir='ltr'><strong>oppeteret,</strong></span> <span class='ocrx_word' id='word_1_454' title='bbox 1278 4300 1418 4358; x_wconf 82' lang='lat' dir='ltr'><strong>postquem</strong></span> <span class='ocrx_word' id='word_1_455' title='bbox 1443 4306 1504 4345; x_wconf 89' lang='lat' dir='ltr'><strong>eum</strong></span> 
     </span>
     <span class='ocr_line' id='line_1_41' title="bbox 165 4373 1505 4438; baseline -0.001 -12"><span class='ocrx_word' id='word_1_456' title='bbox 165 4377 292 4428; x_wconf 78' lang='lat' dir='ltr'><strong>atentiam</strong></span> <span class='ocrx_word' id='word_1_457' title='bbox 320 4374 482 4437; x_wconf 87' lang='lat' dir='ltr'><strong>praetulerit.</strong></span> <span class='ocrx_word' id='word_1_458' title='bbox 530 4373 652 4425; x_wconf 81' lang='lat' dir='ltr'><strong>liberiani</strong></span> <span class='ocrx_word' id='word_1_459' title='bbox 679 4378 816 4438; x_wconf 75' lang='lat' dir='ltr'><strong>tamquam</strong></span> <span class='ocrx_word' id='word_1_460' title='bbox 854 4374 953 4428; x_wconf 87' lang='lat' dir='ltr'><strong>tibartta</strong></span> <span class='ocrx_word' id='word_1_461' title='bbox 968 4374 1182 4426; x_wconf 81' lang='lat' dir='ltr'><strong>amieisrebrare</strong></span> <span class='ocrx_word' id='word_1_462' title='bbox 1203 4387 1250 4437; x_wconf 89' lang='lat' dir='ltr'><strong>per</strong></span> <span class='ocrx_word' id='word_1_463' title='bbox 1268 4382 1371 4436; x_wconf 80' lang='lat' dir='ltr'><strong>tempus</strong></span> <span class='ocrx_word' id='word_1_464' title='bbox 1390 4373 1505 4424; x_wconf 77' lang='lat' dir='ltr'><strong>collucu-</strong></span> 
     </span>
     <span class='ocr_line' id='line_1_42' title="bbox 165 4450 1505 4519; baseline -0.004 -13"><span class='ocrx_word' id='word_1_465' title='bbox 165 4463 247 4511; x_wconf 85' lang='lat' dir='ltr'><strong>totam</strong></span> <span class='ocrx_word' id='word_1_466' title='bbox 266 4457 423 4507; x_wconf 83' lang='lat' dir='ltr'><strong>sententiam</strong></span> <span class='ocrx_word' id='word_1_467' title='bbox 441 4454 548 4504; x_wconf 76' lang='lat' dir='ltr'><strong>invertit</strong></span> <span class='ocrx_word' id='word_1_468' title='bbox 565 4453 599 4504; x_wconf 86' lang='lat' dir='ltr'><strong>ad</strong></span> <span class='ocrx_word' id='word_1_469' title='bbox 615 4453 719 4504; x_wconf 81' lang='lat' dir='ltr'><strong>Pisonis</strong></span> <span class='ocrx_word' id='word_1_470' title='bbox 747 4452 816 4505; x_wconf 75' lang='lat' dir='ltr'><strong>tato·</strong></span> <span class='ocrx_word' id='word_1_471' title='bbox 854 4462 896 4505; x_wconf 89' lang='lat' dir='ltr'><strong>tus</strong></span> <span class='ocrx_word' id='word_1_472' title='bbox 914 4461 1010 4506; x_wconf 79' lang='lat' dir='ltr'><strong>earet.»</strong></span> <span class='ocrx_word' id='word_1_473' title='bbox 1033 4477 1062 4491; x_wconf 90' lang='lat'><strong>·-</strong></span> <span class='ocrx_word' id='word_1_474' title='bbox 1076 4453 1213 4505; x_wconf 59' lang='lat' dir='ltr'><strong>emitur</strong></span> <span class='ocrx_word' id='word_1_475' title='bbox 1228 4451 1334 4519; x_wconf 82' lang='lat' dir='ltr'><strong>poenis]</strong></span> <span class='ocrx_word' id='word_1_476' title='bbox 1353 4450 1505 4505; x_wconf 75' lang='lat' dir='ltr'><strong>sutertium</strong></span> 
     </span>
     <span class='ocr_line' id='line_1_43' title="bbox 165 4530 1503 4599; baseline -0.005 -12"><span class='ocrx_word' id='word_1_477' title='bbox 165 4550 241 4597; x_wconf 89' lang='lat' dir='ltr'><strong>rem,</strong></span> <span class='ocrx_word' id='word_1_478' title='bbox 260 4547 339 4599; x_wconf 84' lang='lat' dir='ltr'><strong>quern</strong></span> <span class='ocrx_word' id='word_1_479' title='bbox 358 4534 456 4596; x_wconf 80' lang='lat' dir='ltr'><strong>qulbus</strong></span> <span class='ocrx_word' id='word_1_480' title='bbox 475 4533 576 4585; x_wconf 84' lang='lat' dir='ltr'><strong>artibur</strong></span> <span class='ocrx_word' id='word_1_481' title='bbox 595 4534 666 4594; x_wconf 89' lang='lat' dir='ltr'><strong>apud</strong></span> <span class='ocrx_word' id='word_1_482' title='bbox 678 4539 816 4585; x_wconf 82' lang='lat' dir='ltr'><strong>veteranas</strong></span> <span class='ocrx_word' id='word_1_483' title='bbox 854 4536 944 4593; x_wconf 81' lang='lat' dir='ltr'><strong>iocus,</strong></span> <span class='ocrx_word' id='word_1_484' title='bbox 964 4547 1017 4585; x_wconf 89' lang='lat' dir='ltr'><strong>non</strong></span> <span class='ocrx_word' id='word_1_485' title='bbox 1037 4534 1156 4595; x_wconf 86' lang='lat' dir='ltr'><strong>Romae,</strong></span> <span class='ocrx_word' id='word_1_486' title='bbox 1185 4535 1232 4587; x_wconf 83' lang='lat' dir='ltr'><strong>aad</strong></span> <span class='ocrx_word' id='word_1_487' title='bbox 1251 4539 1321 4587; x_wconf 82' lang='lat' dir='ltr'><strong>entra</strong></span> <span class='ocrx_word' id='word_1_488' title='bbox 1340 4533 1433 4584; x_wconf 89' lang='lat' dir='ltr'><strong>orbem</strong></span> <span class='ocrx_word' id='word_1_489' title='bbox 1459 4530 1503 4595; x_wconf 87' lang='lat' dir='ltr'><strong>(nb</strong></span> 
     </span>
     <span class='ocr_line' id='line_1_44' title="bbox 165 4609 1502 4678; baseline -0.004 -11"><span class='ocrx_word' id='word_1_490' title='bbox 165 4617 337 4678; x_wconf 86' lang='lat' dir='ltr'><strong>acquieterit,</strong></span> <span class='ocrx_word' id='word_1_491' title='bbox 370 4627 422 4664; x_wconf 89' lang='lat' dir='ltr'><strong>non</strong></span> <span class='ocrx_word' id='word_1_492' title='bbox 449 4626 512 4665; x_wconf 88' lang='lat' dir='ltr'><strong>eane</strong></span> <span class='ocrx_word' id='word_1_493' title='bbox 540 4612 615 4664; x_wconf 84' lang='lat' dir='ltr'><strong>tacite</strong></span> <span class='ocrx_word' id='word_1_494' title='bbox 646 4617 815 4676; x_wconf 80' lang='lat' dir='ltr'><strong>perspicitur,</strong></span> <span class='ocrx_word' id='word_1_495' title='bbox 854 4627 885 4667; x_wconf 89' lang='lat' dir='ltr'><strong>ea</strong></span> <span class='ocrx_word' id='word_1_496' title='bbox 905 4614 1262 4676; x_wconf 72' lang='lat' dir='ltr'><strong>circunstantiupesrtbue,</strong></span> <span class='ocrx_word' id='word_1_497' title='bbox 1282 4609 1502 4674; x_wconf 78' lang='lat' dir='ltr'><strong>undaaomanri,</strong></span> 
     </span>
     <span class='ocr_line' id='line_1_45' title="bbox 164 4692 1504 4759; baseline -0.004 -12"><span class='ocrx_word' id='word_1_498' title='bbox 164 4702 258 4758; x_wconf 83' lang='lat' dir='ltr'><strong>utpote</strong></span> <span class='ocrx_word' id='word_1_499' title='bbox 277 4696 322 4759; x_wconf 88' lang='lat' dir='ltr'><strong>qut</strong></span> <span class='ocrx_word' id='word_1_500' title='bbox 341 4698 380 4745; x_wconf 87' lang='lat' dir='ltr'><strong>rir</strong></span> <span class='ocrx_word' id='word_1_501' title='bbox 392 4693 510 4745; x_wconf 87' lang='lat' dir='ltr'><strong>rntiitarie</strong></span> <span class='ocrx_word' id='word_1_502' title='bbox 524 4704 660 4754; x_wconf 85' lang='lat' dir='ltr'><strong>nunquam</strong></span> <span class='ocrx_word' id='word_1_503' title='bbox 678 4692 767 4744; x_wconf 84' lang='lat' dir='ltr'><strong>inerit.</strong></span> <span class='ocrx_word' id='word_1_504' title='bbox 783 4718 816 4730; x_wconf 92' lang='lat'>-</span> <span class='ocrx_word' id='word_1_505' title='bbox 854 4696 900 4745; x_wconf 90' lang='lat' dir='ltr'><strong>ubi</strong></span> <span class='ocrx_word' id='word_1_506' title='bbox 919 4707 1030 4754; x_wconf 86' lang='lat' dir='ltr'><strong>erucar,</strong></span> <span class='ocrx_word' id='word_1_507' title='bbox 1050 4694 1169 4757; x_wconf 86' lang='lat' dir='ltr'><strong>patibula</strong></span> <span class='ocrx_word' id='word_1_508' title='bbox 1184 4694 1285 4750; x_wconf 82' lang='lat' dir='ltr'><strong>dabra,</strong></span> <span class='ocrx_word' id='word_1_509' title='bbox 1310 4692 1438 4743; x_wconf 86' lang='lat' dir='ltr'><strong>eadarera</strong></span> <span class='ocrx_word' id='word_1_510' title='bbox 1457 4692 1504 4741; x_wconf 89' lang='lat' dir='ltr'><strong>ab·</strong></span> 
     </span>
     <span class='ocr_line' id='line_1_46' title="bbox 163 4770 1504 4838; baseline -0.001 -14"><span class='ocrx_word' id='word_1_511' title='bbox 163 4776 282 4826; x_wconf 74' lang='lat' dir='ltr'><strong>mulieris</strong></span> <span class='ocrx_word' id='word_1_512' title='bbox 299 4798 311 4812; x_wconf 95' lang='lat'><strong>·</strong></span> <span class='ocrx_word' id='word_1_513' title='bbox 329 4798 342 4812; x_wconf 93' lang='lat'>·</span> <span class='ocrx_word' id='word_1_514' title='bbox 358 4770 469 4837; x_wconf 84' lang='lat' dir='ltr'><strong>marito]</strong></span> <span class='ocrx_word' id='word_1_515' title='bbox 495 4776 612 4825; x_wconf 82' lang='lat' dir='ltr'><strong>variata.</strong></span> <span class='ocrx_word' id='word_1_516' title='bbox 639 4777 670 4821; x_wconf 88' lang='lat' dir='ltr'><strong>ut</strong></span> <span class='ocrx_word' id='word_1_517' title='bbox 686 4784 816 4835; x_wconf 84' lang='lat' dir='ltr'><strong>saepenu·</strong></span> <span class='ocrx_word' id='word_1_518' title='bbox 853 4782 937 4837; x_wconf 85' lang='lat' dir='ltr'><strong>tecta,</strong></span> <span class='ocrx_word' id='word_1_519' title='bbox 957 4776 1063 4838; x_wconf 85' lang='lat' dir='ltr'><strong>aliaque</strong></span> <span class='ocrx_word' id='word_1_520' title='bbox 1081 4788 1150 4838; x_wconf 92' lang='lat' dir='ltr'><strong>quae</strong></span> <span class='ocrx_word' id='word_1_521' title='bbox 1170 4773 1202 4824; x_wconf 91' lang='lat' dir='ltr'><strong>ad</strong></span> <span class='ocrx_word' id='word_1_522' title='bbox 1221 4771 1351 4836; x_wconf 86' lang='lat' dir='ltr'><strong>supplicia</strong></span> <span class='ocrx_word' id='word_1_523' title='bbox 1371 4771 1453 4833; x_wconf 86' lang='lat' dir='ltr'><strong>piebir</strong></span> <span class='ocrx_word' id='word_1_524' title='bbox 1471 4785 1504 4823; x_wconf 88' lang='lat' dir='ltr'><strong>ac</strong></span> 
     </span>
     <span class='ocr_line' id='line_1_47' title="bbox 164 4848 1503 4916; baseline -0.002 -9"><span class='ocrx_word' id='word_1_525' title='bbox 164 4869 238 4907; x_wconf 85' lang='lat' dir='ltr'><strong>mero</strong></span> <span class='ocrx_word' id='word_1_526' title='bbox 264 4855 348 4914; x_wconf 83' lang='lat' dir='ltr'><strong>rotet,</strong></span> <span class='ocrx_word' id='word_1_527' title='bbox 379 4856 585 4905; x_wconf 82' lang='lat' dir='ltr'><strong>construetione.</strong></span> <span class='ocrx_word' id='word_1_528' title='bbox 607 4874 635 4886; x_wconf 94' lang='lat'>-</span> <span class='ocrx_word' id='word_1_529' title='bbox 660 4848 746 4913; x_wconf 79' lang='lat' dir='ltr'><strong>sau]</strong></span> <span class='ocrx_word' id='word_1_530' title='bbox 775 4850 816 4905; x_wconf 81' lang='lat' dir='ltr'><strong>Ile</strong></span> <span class='ocrx_word' id='word_1_531' title='bbox 853 4869 998 4908; x_wconf 72' lang='lat' dir='ltr'><strong>serrarum.</strong></span> <span class='ocrx_word' id='word_1_532' title='bbox 1018 4855 1090 4906; x_wconf 83' lang='lat' dir='ltr'><strong>Piut.</strong></span> <span class='ocrx_word' id='word_1_533' title='bbox 1111 4852 1193 4904; x_wconf 83' lang='lat' dir='ltr'><strong>Galba</strong></span> <span class='ocrx_word' id='word_1_534' title='bbox 1212 4852 1265 4902; x_wconf 72' lang='lat'><strong>28:</strong></span> <span class='ocrx_word' id='word_1_535' title='bbox 1296 4849 1503 4916; x_wconf 68' lang='lat' dir='ltr'><strong>conterritae</strong></span> 
     </span>
     <span class='ocr_line' id='line_1_48' title="bbox 165 4926 1504 5004; baseline 0 -21"><span class='ocrx_word' id='word_1_536' title='bbox 165 4936 216 4987; x_wconf 84' lang='lat' dir='ltr'><strong>bae</strong></span> <span class='ocrx_word' id='word_1_537' title='bbox 233 4936 408 4997; x_wconf 71' lang='lat' dir='ltr'><strong>cognomine,</strong></span> <span class='ocrx_word' id='word_1_538' title='bbox 440 4934 482 4983; x_wconf 90' lang='lat' dir='ltr'><strong>cut</strong></span> <span class='ocrx_word' id='word_1_539' title='bbox 507 4932 628 4996; x_wconf 79' lang='lat' dir='ltr'><strong>plerique</strong></span> <span class='ocrx_word' id='word_1_540' title='bbox 654 4929 816 4993; x_wconf 84' lang='lat' dir='ltr'><strong>interpretat</strong></span> <span class='ocrx_word' id='word_1_541' title='bbox 854 4940 916 4999; x_wconf 74' lang='grc' dir='ltr'><strong><em>τοῖς</em></strong></span> <span class='ocrx_word' id='word_1_542' title='bbox 935 4934 1107 5004; x_wconf 76' lang='grc' dir='ltr'><strong><em>Πατροβίου</em></strong></span> <span class='ocrx_word' id='word_1_543' title='bbox 1131 4932 1181 4983; x_wconf 77' lang='lat' dir='ltr'><strong>anti</strong></span> <span class='ocrx_word' id='word_1_544' title='bbox 1200 4926 1370 4983; x_wconf 74' lang='grc' dir='ltr'><strong><em>Οὐιτελλίου</em></strong></span> <span class='ocrx_word' id='word_1_545' title='bbox 1386 4929 1504 4996; x_wconf 75' lang='grc' dir='ltr'><strong><em>δούλοις</em></strong></span> 
     </span>
     <span class='ocr_line' id='line_1_49' title="bbox 165 5007 1503 5083; baseline -0.002 -17"><span class='ocrx_word' id='word_1_546' title='bbox 165 5021 193 5066; x_wconf 92' lang='lat' dir='ltr'><strong>et</strong></span> <span class='ocrx_word' id='word_1_547' title='bbox 211 5013 335 5066; x_wconf 84' lang='lat' dir='ltr'><strong>Germani</strong></span> <span class='ocrx_word' id='word_1_548' title='bbox 353 5021 380 5064; x_wconf 86' lang='lat' dir='ltr'><strong>at</strong></span> <span class='ocrx_word' id='word_1_549' title='bbox 392 5013 553 5078; x_wconf 76' lang='lat' dir='ltr'><strong>Francoqaiit</strong></span> <span class='ocrx_word' id='word_1_550' title='bbox 572 5011 640 5062; x_wconf 89' lang='lat' dir='ltr'><strong>maia</strong></span> <span class='ocrx_word' id='word_1_551' title='bbox 652 5008 816 5061; x_wconf 84' lang='lat' dir='ltr'><strong>substituunt</strong></span> <span class='ocrx_word' id='word_1_552' title='bbox 853 5010 1050 5083; x_wconf 74' lang='grc' dir='ltr'><strong>ἐδωρήσαντο.</strong></span> <span class='ocrx_word' id='word_1_553' title='bbox 1077 5007 1229 5074; x_wconf 77' lang='grc' dir='ltr'><strong>Λαβόντες</strong></span> <span class='ocrx_word' id='word_1_554' title='bbox 1259 5008 1283 5060; x_wconf 83' lang='lat' dir='ltr'><strong>d’</strong></span> <span class='ocrx_word' id='word_1_555' title='bbox 1309 5008 1418 5062; x_wconf 74' lang='grc' dir='ltr'><strong><em>ἐκεῖνοι</em></strong></span> <span class='ocrx_word' id='word_1_556' title='bbox 1451 5013 1503 5063; x_wconf 73' lang='lat' dir='ltr'><strong>aaut</strong></span> 
     </span>
     <span class='ocr_line' id='line_1_50' title="bbox 165 5086 1504 5163; baseline -0.001 -17"><span class='ocrx_word' id='word_1_557' title='bbox 165 5106 263 5146; x_wconf 83' lang='lat' dir='ltr'><strong>nomen</strong></span> <span class='ocrx_word' id='word_1_558' title='bbox 290 5092 388 5159; x_wconf 77' lang='lat' dir='ltr'><strong>qeatiie</strong></span> <span class='ocrx_word' id='word_1_559' title='bbox 415 5092 515 5152; x_wconf 77' lang='lat' dir='ltr'><strong>stitus,</strong></span> <span class='ocrx_word' id='word_1_560' title='bbox 546 5090 593 5142; x_wconf 85' lang='lat' dir='ltr'><strong>etr.</strong></span> <span class='ocrx_word' id='word_1_561' title='bbox 621 5088 757 5141; x_wconf 77' lang='lat' dir='ltr'><strong>brabeab.</strong></span> <span class='ocrx_word' id='word_1_562' title='bbox 783 5089 816 5140; x_wconf 85' lang='lat' dir='ltr'><strong>ad</strong></span> <span class='ocrx_word' id='word_1_563' title='bbox 854 5088 950 5144; x_wconf 79' lang='lat' dir='ltr'><strong>adura</strong></span> <span class='ocrx_word' id='word_1_564' title='bbox 970 5089 1081 5163; x_wconf 73' lang='grc' dir='ltr'><strong><em>τρόπον</em></strong></span> <span class='ocrx_word' id='word_1_565' title='bbox 1098 5086 1286 5153; x_wconf 72' lang='grc' dir='ltr'><strong><em>αἰκισάμενοι</em></strong></span> <span class='ocrx_word' id='word_1_566' title='bbox 1300 5090 1351 5141; x_wconf 80' lang='grc' dir='ltr'><strong>καὶ</strong></span> <span class='ocrx_word' id='word_1_567' title='bbox 1362 5089 1504 5162; x_wconf 59' lang='lat' dir='ltr'><strong>mancipi·</strong></span> 
     </span>
     <span class='ocr_line' id='line_1_51' title="bbox 165 5160 1504 5243; baseline -0.002 -16"><span class='ocrx_word' id='word_1_568' title='bbox 165 5175 224 5229; x_wconf 65' lang='grc' dir='ltr'><strong>ιον.</strong></span> <span class='ocrx_word' id='word_1_569' title='bbox 243 5172 296 5236; x_wconf 78' lang='lat' dir='ltr'><strong>ba,</strong></span> <span class='ocrx_word' id='word_1_570' title='bbox 314 5171 359 5223; x_wconf 69' lang='lat'><strong>28.</strong></span> <span class='ocrx_word' id='word_1_571' title='bbox 389 5193 420 5209; x_wconf 93' lang='lat'>-</span> <span class='ocrx_word' id='word_1_572' title='bbox 443 5171 485 5223; x_wconf 81' lang='lat' dir='ltr'><strong>ite</strong></span> <span class='ocrx_word' id='word_1_573' title='bbox 501 5165 648 5236; x_wconf 80' lang='lat' dir='ltr'><strong>patientta]</strong></span> <span class='ocrx_word' id='word_1_574' title='bbox 673 5168 744 5233; x_wconf 84' lang='lat' dir='ltr'><strong>quod</strong></span> <span class='ocrx_word' id='word_1_575' title='bbox 763 5173 817 5222; x_wconf 85' lang='lat' dir='ltr'><strong>tam</strong></span> <span class='ocrx_word' id='word_1_576' title='bbox 854 5185 958 5236; x_wconf 73' lang='lat' dir='ltr'><strong>cauraq</strong></span> <span class='ocrx_word' id='word_1_577' title='bbox 971 5164 1122 5243; x_wconf 73' lang='lat' dir='ltr'><strong>iqiqiaapau,</strong></span> <span class='ocrx_word' id='word_1_578' title='bbox 1141 5160 1162 5242; x_wconf 75' lang='grc' dir='ltr'><em>ᾖ</em></span> <span class='ocrx_word' id='word_1_579' title='bbox 1182 5162 1330 5234; x_wconf 67' lang='lat' dir='ltr'><strong>rosiciaci</strong></span> <span class='ocrx_word' id='word_1_580' title='bbox 1351 5167 1410 5222; x_wconf 81' lang='lat' dir='ltr'><strong>mir</strong></span> <span class='ocrx_word' id='word_1_581' title='bbox 1429 5169 1504 5224; x_wconf 63' lang='lat' dir='ltr'><strong>Karai·</strong></span> 
     </span>
    </p>
   </div>
   <div class='ocr_carea' id='block_1_6' title="bbox 0 0 1828 5876">
    <p class='ocr_par' dir='ltr' id='par_1_7' title="bbox 0 0 1828 5876">
     <span class='ocr_line' id='line_1_52' title="bbox 0 0 1828 5876; baseline 0 0"><span class='ocrx_word' id='word_1_582' title='bbox 0 0 1828 5876; x_wconf 95' lang='lat' dir='ltr'><strong> </strong></span> 
     </span>
    </p>
   </div>
  </div>
 </body>
</html>
