3620 5880
592 478 709 543 Lllllill
729 478 786 542 xi.
832 477 906 564 Cap.
934 480 982 543 19.
1003 480 1057 543 111.
1080 481 1133 542 ai.
1472 479 1535 546 did

285 639 349 702 Nec
371 636 469 702 multo
491 644 563 720 post
584 637 709 702 Curtius
730 633 828 702 liuius
850 635 984 702 eundem
1012 636 1165 702 honorem
1194 635 1391 723 adipiseitur,
1425 638 1535 723 quiin

200 768 277 832 agro
306 752 453 814 Mattiaco
480 747 654 814 recluserat
683 767 795 834 specus
825 751 1014 834 quaerendis
1041 750 1128 814 venis
1156 748 1292 833 argenti;
1326 752 1410 816 unde
1433 738 1536 815 tcnu'is

198 861 319 926 iructns
347 880 407 925 nec
434 862 467 925 in
492 860 622 945 longum
649 861 728 936 init,
765 867 797 925 at
817 859 996 944 legionibus
1016 880 1087 926 cum
1109 865 1223 926 damno
1246 860 1355 938 labor,
1393 861 1535 927 effodere

198 974 301 1048 rivos,
325 993 470 1058 quaeque
489 971 522 1037 in
544 983 656 1055 aperto
678 970 801 1056 gravia,
825 971 953 1038 humum
974 972 1056 1037 inira
1078 971 1194 1038 moliri.
1216 974 1286 1060 quis
1307 976 1455 1040 subactus
1476 976 1536 1038 mi·

199 1083 261 1159 les,
285 1093 317 1149 et
337 1087 411 1170 quia
430 1087 538 1171 plnres
560 1104 617 1170 per
638 1083 816 1167 provincias
838 1083 952 1150 similia
971 1082 1201 1162 tolerabantur,
1224 1087 1384 1171 componit
1397 1085 1558 1151 ocenimss

199 1194 319 1261 litteras
341 1197 467 1262 nomine
489 1196 698 1271 enercituum,
724 1197 920 1280 precantium
941 1196 1166 1282 imperatorem
1189 1206 1241 1273 nt,
1265 1196 1379 1284 quibus
1401 1200 1535 1283 permis-

198 1328 292 1375 surus
313 1316 396 1373 esset
417 1306 589 1384 exereitus,
619 1307 820 1391 triumphalia
841 1317 913 1373 ante
935 1309 1100 1375 tribueret.
1141 1307 1206 1394 (2¹)
1229 1311 1268 1373 de
1290 1311 1412 1395 origine
1435 1310 1535 1376 Curtii

198 1419 285 1493 lluii,
308 1441 401 1507 quem
423 1422 594 1505 gladiatore
616 1422 755 1504 genitum
777 1422 905 1505 qnidam
926 1419 1113 1509 prodidere,
1147 1441 1250 1508 neque
1273 1419 1350 1487 falsa
1370 1441 1535 1509 prompse-

198 1534 259 1598 rim
281 1541 315 1597 et
335 1551 409 1597 vera
431 1533 562 1618 exsequi
582 1534 690 1616 pudet.
727 1540 894 1617 postquam
922 1531 1073 1610 adolevit,
1110 1541 1245 1599 sectator
1284 1536 1459 1621 quaestoris
1487 1534 1538 1601 oui

197 1642 301 1709 Africa
323 1641 496 1729 obtigerat,
520 1646 595 1709 dum
617 1643 651 1708 in
672 1642 791 1730 oppido
812 1646 985 1711 Adrumeto
1007 1649 1113 1711 vacuis
1133 1665 1192 1731 per
1213 1647 1349 1711 medium
1372 1648 1435 1712 diei
1457 1667 1531 1729 por·
1547 1663 1576 1701 ιι

196 1754 311 1822 iicibus
338 1764 478 1821 secretus
504 1759 618 1842 agitat,
654 1754 757 1822 oblata
779 1756 809 1821 ei
830 1758 950 1842 species
972 1755 1132 1824 muliebris
1175 1759 1257 1823 ultra
1278 1761 1406 1823 modum
1427 1760 1538 1825 huma-

196 1890 287 1944 num,
318 1877 350 1935 et
369 1866 472 1934 audita
494 1876 543 1933 est
563 1886 627 1933 vox
656 1877 710 1935 utu
731 1888 780 1942 es,
802 1867 900 1945 Rufe,
927 1868 982 1955 qui
1004 1868 1038 1934 in
1059 1868 1138 1935 hanc
1160 1869 1356 1953 provinciam
1377 1890 1438 1957 pro
1460 1891 1536 1938 eon·

196 1979 428 2045 subvenies.»
473 1979 527 2045 tali
557 1979 664 2046 omine
691 1983 724 2045 in
753 2000 842 2064 spem
870 1978 1011 2048 sublatus
1037 1980 1257 2069 digressusque
1279 1984 1312 2047 in
1334 1985 1465 2060 urbem,
1502 1993 1536 2049 et

195 2091 362 2176 largitione
385 2093 577 2169 amicorum,
601 2091 778 2158 simulacri
799 2094 944 2180 ingenio,
966 2103 1184 2179 quaesturam,
1207 2102 1238 2160 et
1258 2114 1335 2160 mox
1350 2095 1474 2161 nobiles
1488 2097 1537 2161 in·

195 2214 246 2270 ter
265 2205 447 2270 candidatos
468 2214 648 2287 praeturam
670 2204 821 2291 principis
842 2204 993 2291 suffragio
1015 2208 1206 2294 assequitur,
1230 2228 1302 2273 cum
1322 2206 1408 2272 hisce
1429 2205 1574 2274 verbisis

196 2315 343 2382 'liberius
366 2315 501 2382 dedecus
522 2315 669 2382 natalium
693 2317 760 2382 eius
782 2316 968 2395 velavisset,
1007 2319 1151 2384 «Curtius
1180 2319 1279 2385 liuius
1307 2319 1433 2385 ridetur
1458 2319 1536 2386 mihi

196 2451 239 2494 ex
259 2449 293 2494 ee
315 2435 439 2493 natus.»
484 2428 577 2512 longa
597 2436 670 2512 post
690 2432 767 2494 lineo
788 2439 927 2504 senecta,
950 2438 982 2496 et
995 2429 1145 2495 adsersus
1163 2431 1347 2517 superiores
1360 2431 1443 2497 tristi
1457 2434 1535 2497 udu-

196 2540 330 2617 latione,
361 2560 512 2625 arrogans
541 2538 734 2617 minoribns,
766 2539 851 2606 iuter
871 2561 964 2628 pares
992 2540 1148 2620 difficilis,
1170 2542 1336 2609 consulare
1357 2543 1535 2631 imperium,

263 2750 291 2799 1.
310 2749 444 2799 mettioeo
461 2747 500 2798 11.
530 2773 563 2784 -
590 2760 666 2812 quer.
684 2748 724 2799 11.
746 2775 775 2787 -
798 2749 825 2800 3.
845 2756 869 2800 ιι
887 2746 979 2811 {oeten
995 2749 1034 2800 it.
1055 2748 1174 2801 Correxit
1190 2750 1310 2814 Lipeiue;
1339 2750 1405 2802 illud
1424 2764 1535 2812 reposu-

194 2832 241 2872 ere
258 2819 398 2878 walther,
430 2819 533 2877 itiiter,
564 2818 735 2870 Doederlein.
768 2842 791 2854 -
820 2818 848 2869 1.
867 2821 958 2877 rtooe,
977 2820 1023 2872 eed
1041 2834 1058 2870 ι
1075 2822 1102 2871 1ι
1120 2835 1225 2880 rasore,
1243 2822 1281 2873 11.
1302 2846 1333 2858 -
1353 2822 1379 2873 d.
1396 2817 1536 2886 deuectum

192 2890 233 2942 ii.
255 2915 287 2927 -
307 2889 334 2940 1.
353 2889 501 2954 eeequtli.
527 2912 558 2925 -
583 2888 759 2951 ιο.ορι.11.
782 2889 994 2954 -13.ιρι11.
1033 2914 1063 2928 -
1096 2890 1281 2958 deprueueque
1308 2892 1348 2944 11.
1377 2891 1533 2944 Correetnm

193 2964 223 3011 tn
251 2960 340 3011 (loeti.
366 2966 394 3011 et
411 2972 426 3009 a
444 2959 606 3019 Puteolano:
635 2959 701 3011 iliud
723 2959 848 3021 praetulit
872 2958 1002 3012 Writiier.
1035 2983 1063 2999 -
1092 2962 1157 3014 urie
1182 2962 1219 3014 11.
1251 2985 1283 2999 -
1310 2961 1354 3012 17.
1374 2960 1461 3027 eree]
1486 2975 1535 3016 ιιι

192 3039 255 3094 posi
270 3045 292 3082 ae
308 3042 439 3092 superser.
457 3044 486 3088 e,
508 3029 548 3083 11.

190 3214 311 3263 maiores
328 3213 463 3274 impensae
483 3225 562 3274 qoam
581 3210 692 3263 tructus.
713 3235 744 3248 -
762 3207 845 3275 rtooe]
862 3210 866 3231 ¹
884 3211 943 3262 iibri
969 3211 1090 3263 Suetonii
1121 3212 1155 3264 de
1183 3212 1342 3265 rhetoricae.
1370 3213 1479 3267 liuuell
1506 3216 1534 3265 ln

190 3292 293 3352 tonsae,
314 3291 411 3355 quilius
429 3304 557 3357 equarum
576 3294 623 3342 riri
642 3305 657 3343 e
676 3290 787 3343 metallis
801 3292 846 3343 de·
883 3291 997 3343 Praetat.
1028 3293 1061 3343 ad
1081 3291 1202 3344 Coruum
1221 3306 1248 3356 p.
1262 3292 1407 3344 LXXXIV.
1427 3296 1455 3346 tn
1473 3292 1535 3345 rire·

189 3372 366 3424 ducerentur.
397 3370 552 3427 (Mauiieeto
579 3377 669 3422 autem
694 3371 760 3422 liaee
778 3370 846 3423 reie·
883 3378 967 3421 torem
995 3375 1083 3434 potius
1108 3373 1228 3424 inrlnet.
1264 3371 1299 3424 Αι
1321 3375 1398 3425 terite
1426 3387 1534 3438 quoqne

188 3458 290 3502 rantur
317 3451 350 3500 ed
377 3464 477 3513 opera.
510 3460 579 3514 quae
604 3449 654 3501 suli
679 3448 763 3501 eunti
782 3463 844 3501 eura
883 3453 973 3515 opinio
991 3451 1062 3502 haud
1081 3464 1187 3515 prorsus
1204 3452 1384 3516 improbentur
1402 3452 1469 3505 naec
1481 3459 1533 3513 est,

188 3536 304 3595 propter
318 3544 399 3584 renes
411 3533 512 3594 argenti
525 3530 730 3592 neroeieosnmr
743 3533 769 3580 in
783 3542 845 3594 agro
883 3538 914 3583 ni
933 3531 1088 3592 historicus,
1119 3531 1241 3583 Suetonii
1260 3533 1367 3593 rhetor,
1398 3532 1484 3584 lariti
1503 3544 1535 3585 ιι

187 3612 333 3671 Mattiaco,
353 3623 422 3669 non,
442 3616 472 3660 ui
491 3623 623 3660 nonnemo
641 3617 714 3660 ratus
733 3616 790 3669 est,
810 3608 843 3659 ad
882 3611 960 3662 Plini!
988 3624 1096 3674 presses
1114 3612 1218 3663 Atricae
1245 3625 1313 3663 unus
1337 3611 1463 3676 idemque
1488 3619 1533 3663 sit.

188 3690 353 3741 Corbulonis
381 3691 475 3740 ioeeam
501 3702 580 3752 supre
601 3685 792 3753 memoratam.)
813 3710 843 3724 -
881 3692 969 3753 iique
994 3691 1063 3741 hene
1090 3694 1218 3757 sagaciter
1236 3690 1357 3743 defendit
1373 3690 1449 3741 Xlotn
1468 3691 1529 3741 Lai.

186 3768 301 3835 puoto]
330 3772 406 3820 nimis
433 3769 559 3821 ditileilla.
579 3795 610 3807 -
638 3770 744 3819 ιιιιιιι
758 3763 843 3832 tropo]
881 3771 1177 3836 Litteroiurgeeeiiclrie.
1197 3771 1301 3833 letprtp
1317 3768 1393 3820 iste.
1409 3768 1431 3818 l.
1446 3783 1474 3832 p.
1487 3768 1534 3820 18.

187 3862 243 3913 per
261 3848 345 3900 ioesae
363 3857 577 3908 concameraiae,
598 3848 722 3898 Tunnete.
742 3872 772 3884 -
784 3845 845 3897 ιιι·
885 3873 914 3886 -
929 3861 993 3899 cero
1005 3876 1017 3888 ·
1027 3846 1120 3913 pudet]
1135 3853 1197 3913 quia
1211 3849 1294 3899 Curtii
1307 3853 1399 3913 origo,
1419 3850 1468 3901 etet
1481 3847 1535 3900 ior·

184 3925 286 3992 ιιιιιι]
314 3928 442 3980 molestiis
465 3935 572 3980 renatus
600 3935 627 3978 ei
645 3928 790 3979 coniector.
812 3949 842 3962 -
881 3933 950 3980 taeee
963 3930 1020 3979 eius
1031 3936 1106 3992 pater
1117 3929 1245 3992 gladiator
1258 3940 1310 3978 non
1321 3928 1416 3987 tuerat,
1432 3934 1532 3984 tamen,

184 4008 369 4071 rrtomptottn
387 4003 460 4072 erite]
480 4022 513 4059 ne
534 4008 731 4069 triumphalium
752 4019 843 4058 conse·
880 4007 1014 4060 ut’lacito
1033 4007 1190 4067 videbetur,
1210 4010 1290 4058 nimie
1303 4008 1414 4061 obseura
1427 4020 1458 4060 ιι
1475 4008 1535 4061 ι111ι

183 4089 361 4153 quendorum
382 4101 459 4139 cenea
478 4088 604 4139 mittilbue
622 4088 753 4138 molestias
772 4098 844 4137 orea-
881 4092 947 4138 erat.
984 4086 1140 4137 Aaordtdo
1163 4088 1268 4151 oetatem
1286 4089 1367 4139 ettam
1385 4086 1468 4139 Cassii
1487 4087 1535 4141 Se·

182 4173 270 4226 rent,
302 4169 394 4231 quales
414 4167 528 4218 corbulo
547 4172 575 4219 et
591 4166 678 4217 liuius
699 4170 842 4217 creassent.
881 4170 936 4218 reri
955 4166 1077 4218 rimiliter
1093 4165 1218 4218 abhorret
1235 4166 1343 4219 ruerem
1361 4168 1432 4218 Ann.
1444 4168 1473 4229 t,
1486 4168 1533 4219 at.

182 4250 263 4301 Bar.
299 4248 374 4298 idem
394 4253 481 4297 narrat
498 4247 574 4298 suet.
594 4243 689 4296 Claud.
709 4244 760 4294 111
780 4244 845 4306 Ept-
881 4247 1012 4309 equestris
1030 4258 1096 4297 eoae
1117 4246 1251 4311 diguttetie
1269 4249 1374 4307 eritas,
1402 4247 1465 4298 dein
1493 4260 1535 4299 ee·

178 4329 261 4380 nola
291 4328 424 4377 commoret
451 4327 582 4390 uotorum
609 4325 715 4375 nomine
743 4324 845 4374 enetmt
882 4328 1000 4378 natoriae
1012 4337 1118 4388 semper
1130 4339 1241 4377 mernor.
1255 4351 1289 4363 -
1308 4323 1435 4392 sectator]
1453 4340 1535 4392 quae-

176 4407 348 4473 premerem,
380 4410 411 4455 ist
436 4405 529 4483 Ιιμιιίι
555 4402 740 4459 consororinos
766 4402 845 4453 remed
880 4412 936 4457 etue
955 4417 1045 4456 eausa.
1076 4404 1221 4456 Confirmet
1238 4404 1339 4459 l’liutns
1358 4406 1425 4458 Ι.1.ι
1446 4408 1534 4458 temate

178 4500 250 4538 enm
266 4486 384 4536 serrem
401 4489 427 4536 et
443 4484 616 4548 trtomplroitn
639 4483 783 4542 darentur,
812 4494 845 4533 ne
880 4485 966 4536 adduc
983 4490 1009 4535 at
1025 4484 1149 4535 ιιιιιιιιιι
1166 4484 1294 4538 obtinenti
1310 4484 1430 4548 Δίιιιιιι
1448 4495 1534 4537 comes

175 4577 299 4618 murone
333 4563 394 4614 ieltt
425 4576 529 4628 quoquo
566 4563 645 4613 modo
676 4565 842 4627 quaererent.
880 4565 1010 4615 meret.
1039 4589 1070 4601 -
1100 4562 1258 4628 Adrumeto]
1294 4568 1381 4628 eapite
1407 4564 1532 4628 Bynaeli,

177 4645 317 4697 Ceterum
334 4646 404 4695 tneei
421 4656 509 4695 amara
529 4644 612 4694 ironia
632 4654 740 4706 prorsus
759 4654 790 4693 er
809 4640 844 4691 ta·
882 4655 968 4703 nuno,
998 4649 1029 4694 ut
1046 4644 1207 4706 opinentur,
1235 4643 1346 4695 Herkte
1365 4668 1398 4680 -
1428 4637 1533 4703 obtutu]

177 4725 321 4778 cetimum
340 4722 494 4774 militarium
513 4734 621 4787 genere.
882 4724 955 4777 idem
975 4722 1128 4775 miraculum
1147 4728 1236 4774 narret
1253 4722 1365 4774 Plinius.
1392 4744 1422 4759 -
1449 4732 1484 4772 ιι
1504 4732 1534 4770 ιι

217 4803 270 4853 91.
291 4800 376 4853 Currit
391 4802 462 4868 Rufi]
480 4802 646 4855 Memorniur
662 4802 741 4853 etiam
760 4800 844 4853 seii·
880 4800 970 4868 notae]
990 4803 1038 4855 list
1055 4803 1213 4868 enormius
1229 4805 1257 4854 tn
1274 4801 1371 4856 verbis.
1415 4799 1482 4852 Nem
1499 4812 1534 4852 ιι

172 4885 233 4937 nio
256 4881 326 4944 soe.
344 4881 380 4942 ’1,
400 4882 444 4933 17.
474 4881 618 4933 vocitatur
636 4884 708 4932 luter
725 4883 842 4943 criticos,
880 4883 981 4935 eenott
1006 4882 1149 4943 dicuntur,
1181 4884 1227 4946 qui
1254 4884 1367 4932 maiores
1386 4881 1459 4932 ciere
1478 4892 1532 4931 ιιι

172 4970 280 5016 uarum
305 4961 370 5012 nuto
388 4961 420 5025 Q·
439 4960 530 5013 Curtio
554 4961 625 5014 Italo
649 4960 791 5013 tribuenda
810 4966 845 5015 iit
882 4968 1011 5027 possunt,
1030 4962 1140 5015 obseurt
1156 4962 1277 5013 homines
1295 4970 1410 5023 generec
1438 4971 1531 5012 rerum

172 5044 243 5095 viia
268 5040 431 5104 Aleaendrl,
462 5054 495 5092 an
516 5042 553 5093 1111
577 5041 610 5105 Q.
632 5040 724 5094 eunio
751 5040 841 5105 linio,
881 5046 982 5104 eitam,
1002 5046 1047 5106 qui
1066 5045 1116 5107 ipsi
1134 5041 1458 5101 elbinomenpeperere,
1477 5051 1532 5091 non

173 5125 268 5175 euin·
279 5122 418 5185 pertenuis
431 5124 558 5174 memorie
577 5125 738 5188 superestis
752 5120 843 5175 iudice
880 5136 894 5175 a
914 5122 1057 5176 meroribus
1075 5130 1210 5183 recepere·
1255 5117 1323 5183 meo
1341 5116 1470 5173 indicarit
1487 5118 1532 5170 ΤΙ-
