3620 5880
296 378 362 444 ait
696 378 885 444 CORNELII
906 376 1041 441 raeiri
1063 378 1269 444 duumuiri

297 538 449 621 inposuit.
473 559 511 605 ac
525 560 565 604 ne
580 540 664 604 iussa
685 545 853 618 exuerent,
873 535 1064 624 praesidium
1086 535 1279 610 immunirit,
1300 535 1404 602 missia
1424 538 1478 623 qui
1500 540 1637 603 maiores

299 649 442 716 Chaucos
463 655 502 716 ad
525 649 716 717 deditionem
738 649 936 737 pellicerent,
959 648 1053 714 simul
1075 650 1270 714 Gannascum
1286 648 1360 716 dolo
1373 648 1634 735 aggrederentur.

298 783 357 828 neo
378 763 486 828 irritae
510 771 563 827 aut
585 764 758 847 degeneres
778 761 912 827 insidiae
939 763 1029 826 fuere
1058 763 1210 827 adversus
1231 759 1425 846 transfugam
1447 770 1480 827 ct
1501 761 1636 828 violato·

297 896 366 940 rem
387 874 473 940 fidei.
498 876 554 940 sed
577 876 674 939 caede
696 876 765 939 eius
786 882 892 939 motae
913 871 1110 938 Chaucorum
1130 880 1269 949 mentes,
1293 880 1326 939 ct
1347 872 1488 939 Corbulo
1517 876 1635 941 semina

275 986 483 1053 erebeiiionis
505 983 696 1074 praebebat,
734 993 770 1051 ui
789 985 871 1051 laetu
891 983 974 1071 apud
994 984 1181 1073 plerosque,
1215 985 1258 1050 iia
1279 990 1362 1069 apud
1385 991 1538 1072 quosdam
1560 987 1635 1053 sini·

297 1108 361 1163 stra
383 1101 479 1164 lama.
518 1118 575 1164 cnr
595 1099 720 1163 hostem
743 1095 903 1162 concireti
940 1099 1124 1163 adversain
1146 1095 1391 1182 rempublicam
1419 1119 1550 1164 maura:
1586 1103 1635 1165 sin

295 1231 451 1297 prospere
474 1209 607 1295 egisset,
628 1208 871 1275 formidolosum
893 1211 964 1293 paci
986 1208 1089 1274 virum
1110 1211 1283 1295 insignem,
1313 1218 1345 1276 et
1364 1211 1481 1296 ignavo
1502 1211 1634 1298 principi

296 1342 514 1407 praegravem.
546 1320 644 1405 igitur
666 1320 813 1387 Claudius
831 1304 914 1387 adeo
935 1341 1048 1386 noram
1071 1319 1104 1386 in
1128 1322 1311 1388 Germanias
1332 1321 1396 1388 rim
1416 1322 1580 1410 prohibuit
1599 1336 1636 1388 ut

296 1432 413 1500 reterri
443 1433 602 1521 praesidia
634 1435 679 1499 cis
708 1436 850 1500 Rhenum
879 1430 1014 1498 iuberet.
1059 1431 1120 1518 (20)
1152 1436 1215 1499 iam
1242 1442 1343 1500 castra
1371 1436 1404 1498 in
1433 1435 1540 1501 hostili
1566 1436 1634 1502 solo

257 1546 438 1612 romolienti
462 1544 634 1611 Corbuloni
656 1565 713 1610 eae
727 1544 851 1611 litterae
865 1543 1049 1611 redduntur.
1072 1545 1125 1611 ille
1140 1567 1177 1611 re
1191 1545 1308 1624 subita,
1331 1567 1520 1633 quamquam
1536 1550 1634 1614 muita

296 1659 387 1724 simul
410 1657 667 1735 effunderentur,
689 1665 791 1722 metus
813 1679 855 1722 ex
878 1659 1077 1742 inperatore,
1101 1659 1293 1745 contemptio
1310 1681 1351 1725 ex
1365 1661 1529 1737 barbaris,
1551 1660 1633 1727 ludi·

295 1768 401 1837 brium
422 1773 506 1858 apud
528 1772 649 1843 socios,
686 1768 766 1834 nihil
794 1768 880 1835 aliud
906 1768 1088 1855 prolocutus
1109 1791 1202 1857 quam
1225 1773 1336 1837 beatos
1359 1774 1518 1857 qnondam
1539 1770 1634 1839 duces

294 1889 470 1959 Romanos,
505 1882 629 1967 siguum
657 1883 798 1965 receptui
825 1880 921 1947 dedit
956 1889 993 1947 ut
1013 1890 1117 1947 tamen
1141 1881 1229 1949 miles
1250 1882 1351 1948 otium
1373 1893 1519 1960 exueret,
1551 1884 1633 1951 inter

294 2000 416 2063 Mosam
437 1997 645 2081 Rhenumque
665 1992 760 2058 trium
783 2002 817 2058 et
836 1993 945 2078 uiginti
966 1994 1088 2060 milium
1110 1997 1212 2082 spatio
1232 1993 1351 2062 fossam
1372 1995 1538 2082 perduxit,
1572 2018 1633 2084 qua

257 2129 284 2168 ει
296 2110 417 2173 incerta
438 2110 556 2173 Oceani
579 2113 774 2171 vetarentur.
797 2104 931 2190 insignia
945 2113 1050 2171 ίειιιειι
1064 2106 1215 2192 triumphi
1228 2106 1359 2174 indulsit
1377 2109 1503 2186 Cacsar,
1525 2130 1633 2196 quam·

295 2221 342 2285 ris
364 2217 482 2284 bellum
503 2221 692 2302 negavisset.

363 2392 391 2442 1·
410 2392 469 2454 We
487 2390 533 2442 Md
551 2394 617 2454 ‘mv’
636 2391 668 2439 B·
694 2415 727 2430 -
752 2389 903 2441 ‘nmmum
920 2389 959 2440 Me
991 2412 1017 2424 ⁸·
1042 2391 1069 2442 2.
1089 2391 1200 2442 mmo,
1217 2391 1256 2443 M·
1285 2417 1314 2430 ⁸¹
1337 2393 1365 2443 ιο
1383 2405 1525 2445 mmmm
1543 2394 1580 2446 fl·
1601 2419 1629 2432 “⁸

293 2463 609 2515 ressurrecturum
627 2461 674 2521 li,
703 2462 733 2510 irs
750 2462 861 2511 sinistro
880 2460 968 2522 Spin,
997 2461 1068 2523 guod
1088 2461 1182 2523 probat
1201 2461 1379 2523 Doederlein,
1405 2463 1544 2516 conterens
1562 2464 1630 2514 iiist.

294 2534 327 2591 ³,
347 2533 396 2582 iiis
418 2532 465 2582 ties·
483 2533 546 2582 totis
563 2533 658 2583 rosiris
675 2532 704 2580 iu
721 2532 795 2595 {uma
810 2530 941 2595 proditio.
977 2530 1012 2581 ht
1029 2532 1125 2595 syiieha
1144 2536 1193 2584 iata
1210 2533 1240 2582 irs
1256 2546 1329 2584 mera
1348 2541 1388 2585 esi
1404 2536 1547 2601 geminatio
1559 2546 1632 2597 prae·

294 2603 413 2656 cedentia
431 2604 481 2653 iitt.
501 2617 538 2653 m.
559 2627 588 2641 -
610 2601 636 2651 ii.
654 2614 684 2652 rs
699 2601 806 2664 puplico
824 2597 880 2662 iaie)
899 2601 938 2652 ii.
958 2626 992 2637 -
1011 2613 1122 2652 cesurae
1138 2604 1295 2667 inprospere
1313 2601 1371 2666 iaie)
1388 2605 1428 2657 ai.
1446 2604 1520 2654 —'i.
1533 2605 1631 2668 {paeto

292 2674 331 2725 H·
363 2698 391 2709 “”
417 2674 461 2724 ¹⁰·
479 2673 568 2723 mun
585 2672 624 2724 Me
651 2695 682 2709 '⁸
709 2672 753 2720 “a
775 2672 980 2737 Offmm'fflwr
997 2671 1034 2722 n.
1056 2697 1083 2709 “
1106 2673 1163 2735 “we
1182 2671 1227 2724 Md
1245 2674 1309 2735 ‘me
1328 2673 1360 2724 B·
1380 2701 1412 2714 ·“
1432 2673 1475 2725 η·
1493 2675 1576 2725 ”m
1592 2675 1630 2727 Me

293 2768 326 2780 -
346 2742 433 2794 Habet
448 2743 603 2806 prolocutus
621 2740 666 2798 ii,
690 2754 743 2792 non
763 2742 856 2792 alciati
872 2742 1033 2804 periooutus.
1065 2765 1097 2779 -
1127 2742 1255 2808 cumdem
1274 2744 1312 2794 hi.
1333 2743 1451 2796 Correxit
1468 2744 1583 2806 Lipsius,
1601 2767 1631 2783 -

293 2815 336 2863 13.
355 2811 406 2877 ut]
426 2814 456 2861 ui
472 2813 519 2872 hi,
540 2815 567 2863 ia
587 2826 638 2876 mg.
657 2826 698 2861 ιιε.
720 2811 873 2863 correctum
892 2818 931 2862 eat
949 2814 976 2861 in
995 2811 1061 2863 Cod.
1080 2812 1145 2878 lieg.
1165 2820 1193 2863 et
1210 2813 1260 2865 iid.
1281 2813 1352 2875 spu.
1370 2838 1402 2874 -φ
1426 2815 1460 2865 rt
1474 2810 1584 2878 ῑιδαοίί,
1602 2813 1629 2865 td

292 2891 347 2941 eat,
374 2882 539 2945 praeducit,
566 2882 776 2934 moeremium
795 2884 822 2932 in
841 2880 930 2935 eneti.
949 2881 1065 2945 etspir.
1097 2908 1128 2921 -
1158 2884 1201 2936 io.
1222 2883 1309 2935 tiabat
1324 2889 1479 2936 uererentur
1496 2886 1545 2947 ii,
1578 2897 1629 2936 non

292 2951 380 3005 Gueli.
399 2959 578 3004 uecinrmtur.
600 2975 630 2989 -
651 2954 751 3018 isuaiprsi
769 2953 807 3019 il.

291 3114 389 3167 Verum
408 3122 515 3167 renatus
533 3128 602 3166 unna
621 3117 667 3166 uni
685 3118 787 3167 nationi
805 3116 941 3167 suffecisse
978 3125 1043 3180 τες·
1067 3114 1097 3181 ίς
1114 3114 1243 3183 δήλωσιν
1260 3113 1307 3169 ὅτι
1325 3122 1389 3183 τοῖς
1400 3117 1457 3184 μίν
1468 3112 1630 3182 ἀκινδύνως

291 3195 397 3246 ridetur
414 3204 493 3259 atoue
512 3208 638 3259 pagorum
657 3197 818 3259 singulorum
840 3196 941 3260 siuguia
978 3191 1245 3268 ἀνδραγαθίζεσθαι
1273 3192 1363 3264 ἐξῆν,
1401 3195 1495 3261 adro<
1528 3190 1627 3249 δ’ὖπδ

290 3275 401 3326 eoneiiia
429 3275 534 3337 publica
557 3283 698 3326 senatuum
717 3277 823 3326 nomine
842 3278 883 3327 ria
902 3275 942 3326 di·
979 3275 1033 3327 τοῦ
1052 3272 1276 3348 αὐτοκράτορος
1292 3274 1341 3328 διὰ
1359 3274 1412 3329 τὸν
1433 3275 1552 3341 φθόνον
1567 3273 1629 3328 das-

289 3361 383 3417 gnaiua
410 3360 490 3406 esset.
518 3379 551 3391 -
579 3350 739 3417 immunitati]
768 3354 883 3417 ibidem,
915 3358 941 3405 in
977 3353 1114 3420 rodicho.
1146 3378 1175 3391 -
1205 3357 1310 3406 incerte
1337 3355 1436 3406 θεεοιιί
1460 3350 1627 3417 sererentur]

290 3446 381 3483 sonim
415 3433 513 3483 tinibus
543 3435 673 3493 munirit;
713 3441 744 3484 ut
776 3432 942 3499 ἐντειχίζειν
978 3439 1282 3486 arcerenturasunsrra.
1302 3433 1367 3487 Sea.
1379 3434 1458 3486 llere.
1471 3434 1532 3488 Oet.
1541 3434 1627 3487 low

289 3508 422 3583 φρούρια
447 3511 573 3575 xenoni.
603 3511 699 3577 (lyron.
719 3511 754 3575 3,
781 3514 816 3575 ¹,
844 3513 888 3563 2⁸1.
908 3536 940 3548 -
979 3512 1040 3562 Stat
1056 3517 1136 3562 onata
1158 3513 1212 3564 iate
1229 3526 1339 3576 queram
1357 3520 1382 3564 et
1399 3513 1531 3566 Ptcabum
1546 3521 1627 3566 ueict.

290 3587 426 3654 Chaucos]
453 3591 522 3641 Piin.
547 3590 601 3649 te,
627 3592 662 3641 ir
695 3589 875 3648 Chaucorum,
895 3592 942 3655 gui
978 3591 1029 3642 iiio
1047 3590 1065 3641 i.
1084 3591 1122 3642 tr
1140 3590 1332 3664 διετάφρευσε
1347 3591 1398 3645 διά
1419 3593 1629 3664 eucarpum·

287 3670 405 3720 meteres
420 3672 582 3736 minoresque
599 3670 778 3734 nppeiieurur.
805 3671 845 3721 iiii
865 3672 941 3722 tedes
977 3667 1036 3723 reis
1053 3669 1113 3721 ιιάν
1131 3669 1166 3722 εδ
1186 3666 1296 3736 μεταξύ
1321 3671 1377 3724 rori
1398 3688 1429 3725 re
1442 3667 1554 3741 Ῥήνου
1579 3674 1628 3723 καί

289 3750 423 3802 habebant
441 3757 510 3802 inter
523 3751 655 3815 Visurgim
671 3756 699 3802 ei
711 3750 813 3810 albim,
832 3751 858 3800 hi
872 3752 942 3801 inter
977 3749 1032 3802 rori
1054 3745 1180 3812 Μόσσυ,
1199 3748 1339 3815 σταδίους
1353 3749 1562 3818 ἑβδομήκοντα
1578 3750 1626 3802 καί

288 3832 415 3881 Amisiam
448 3839 476 3883 ei
503 3832 645 3895 Visurgim.
673 3831 756 3882 Utert
784 3830 941 3881 emmetra
976 3825 1086 3880 ἑκατὸν
1103 3825 1249 3894 μάλιστα·
1279 3827 1328 3881 ἵνα
1344 3827 1387 3896 μὴ
1406 3830 1437 3881 ot
1450 3832 1580 3896 ποταμοί
1595 3827 1627 3880 ἐν

289 3922 315 3972 p.
330 3910 392 3961 ³75.
408 3937 437 3949 -
458 3908 603 3976 degeneres]
623 3923 675 3961 ιιοιι
695 3910 817 3975 indignae
834 3914 940 3960 nomine
978 3905 1014 3980 τῇ
1034 3909 1090 3958 rori
1106 3903 1246 3958 Ὠκεανοῦ
1262 3905 1444 3976 κλημμυρίδι
1470 3903 1628 3981 ἀναῤῥεον·

288 3990 407 4042 Romano
430 3995 478 4041 aut
502 3995 561 4053 ipso
589 3991 754 4047 Corbulone:
786 3993 887 4053 quippe
913 3991 940 4038 in
978 4000 1025 4049 τες
1042 3985 1243 4052 πελαγίζωσιν.
1279 3986 1403 4038 Cluverio
1427 3995 1537 4040 auctore
1561 3987 1627 4039 loeta

288 4068 447 4133 transiugarrr
476 4077 504 4120 ei
528 4072 637 4123 miiitiae
665 4071 836 4122 desertorem.
883 4069 941 4119 iioe
978 4063 1135 4116 Corbulonis
1148 4066 1182 4116 ed
1195 4066 1318 4117 Rhenum
1338 4070 1426 4129 eoepit
1442 4081 1457 4118 a
1475 4072 1563 4132 eapite
1579 4068 1651 4117 riri·

289 4151 359 4197 enim
379 4155 435 4201 est.
468 4149 540 4209 qued
558 4151 620 4213 illisi
636 4150 793 4200 violatorem
811 4149 892 4205 dieit,
912 4148 938 4198 id
977 4144 1179 4207 Lugdunensis,
1199 4148 1242 4196 eui
1263 4158 1358 4196 nomen
1377 4146 1501 4197 δείδια.
1521 4148 1627 4212 (liraete

195 4245 199 4255 ·
239 4216 254 4243 ‘
288 4226 941 4290 ast‚saeramenti.hrrs.-inmidoiorumpaet]
977 4224 1043 4275 haee
1060 4228 1190 4275 sententia
1210 4228 1330 4288 congruit
1347 4228 1449 4288 spatio,
1476 4228 1550 4290 quod
1569 4228 1627 4278 huie

286 4306 435 4357 timendum
454 4318 528 4363 esse,
552 4320 586 4358 ne
605 4306 721 4359 Gorbuio
738 4311 840 4359 animoa
857 4308 940 4357 maio·
976 4302 1061 4356 ioasea
1085 4317 1099 4354 a
1118 4304 1211 4354 Tacito
1229 4312 1257 4355 ei
1272 4304 1361 4357 Dione
1380 4305 1518 4358 tribuitur.
1565 4307 1627 4358 Pers

287 4400 329 4437 res
354 4391 508 4445 sumpturus
527 4400 542 4437 a
561 4386 672 4438 Claudio
691 4389 835 4448 desciscat,
863 4400 939 4448 prae·
976 4386 1035 4435 eius
1062 4396 1145 4446 prope
1170 4383 1329 4448 Lugdunum
1352 4385 1512 4438 Batavorum
1538 4389 1627 4438 etiam·

286 4466 376 4518 sertim
403 4478 463 4516 eum
482 4469 533 4516 iam
552 4479 622 4517 nune
641 4472 693 4516 tarn
712 4470 805 4530 ignaro
824 4468 937 4528 principi
976 4475 1048 4514 nune
1072 4470 1180 4514 recator
1211 4463 1277 4513 Vitat
1303 4471 1330 4517 ei
1357 4466 1453 4518 rudera
1486 4468 1625 4519 ereutii·

287 4551 427 4607 suspectus
444 4558 476 4597 ae
494 4545 681 4597 tormidoioaur
699 4549 745 4595 sit.
976 4542 1085 4594 Ciaudio
1104 4545 1228 4595 arsuneti
1246 4546 1273 4595 tn
1292 4544 1489 4598 manumitti·
1503 4556 1624 4609 paucum

320 4627 366 4676 2⁰.
395 4622 610 4690 effunderentur]
641 4633 671 4675 ut
688 4626 720 4685 ί,
738 4623 792 4675 οδε
823 4626 939 4692 opimos·
975 4625 1067 4674 arico
1084 4622 1198 4688 Kotropk
1222 4624 1303 4675 intent
1320 4624 1370 4676 snb
1388 4628 1469 4677 maria
1491 4626 1623 4678 hecubae.

286 4705 386 4755 bantur
401 4705 488 4755 muita
505 4704 601 4763 ιίοιιιίς
629 4711 739 4767 repente
762 4703 937 4755 ohreraahan·
975 4702 1127 4762 horreri.)
1152 4726 1183 4739 -
1213 4701 1360 4768 Μοδίοεο]
1380 4706 1413 4764 i,
1432 4704 1478 4756 56.
1509 4704 1622 4765 ursei,

287 4792 331 4835 tur
348 4787 405 4835 eius
423 4788 523 4836 animo.
541 4809 570 4821 -
588 4783 689 4845 δεοίοι]
708 4784 754 4834 liat
773 4784 936 4843 exclamatio,
974 4779 1020 4833 37.
1035 4780 1177 4832 ermae.
1189 4785 1216 4833 in
1229 4782 1517 4837 dueatuiiaaaarisnsi.
1535 4783 1624 4849 Aque·

285 4870 316 4912 ut
336 4865 371 4912 ita
391 4864 492 4923 dicam,
512 4863 638 4926 ubilona:
664 4864 764 4915 directa
783 4865 868 4913 utitur
887 4862 937 4914 iiio
973 4859 1122 4913 mutuose
1144 4868 1304 4915 memoratae
1338 4875 1353 4912 a
1379 4863 1468 4916 Plinio
1494 4864 1546 4924 ³1,
1565 4863 1620 4923 i'i.,

285 4941 338 4999 tii,
367 4941 420 4991 iiii:
451 4942 598 4995 τοσοῦτον
621 4942 718 5010 μόνον
744 4937 936 5009 ἀναβοήσας,
974 4950 1046 4990 nune
1069 4940 1234 5011 Wieetoden.
1256 4965 1284 4978 -
1305 4954 1366 4994 eum
1381 4942 1493 5007 domuel
1518 4955 1570 4995 non
1586 4941 1622 4992 ia·

281 5013 314 5070 iii
330 5016 473 5091 μακάριοι
486 5023 518 5073 oi
531 5019 937 5093 πάλαιιεοείσεςιατηγήσαν·
973 5021 1081 5085 monum
1111 5021 1159 5073 sed
1189 5024 1284 5075 aeradi
1312 5024 1360 5076 Po.
1393 5024 1460 5086 iio..
1501 5025 1621 5090 quoniam
