3612 5880
326 480 388 546 ato
631 493 635 501 ’
707 477 897 544 CORNELII
917 477 1050 544 recirl
1070 477 1281 543 tridentini

324 637 428 705 libero
456 658 585 725 egressu
610 639 839 703 memorabant.
877 636 970 703 nobis
1000 635 1033 702 in
1061 644 1130 704 ario
1158 646 1191 703 et
1214 636 1368 722 inglorius
1395 637 1508 705 lebor:
1533 639 1662 706 immota

325 754 442 840 quippe
470 760 523 818 aui
546 750 669 819 modice
694 750 838 818 lacessita
864 772 945 838 pax,
969 757 1107 816 macrino
1128 754 1217 817 urbis
1239 772 1307 826 res,
1331 759 1365 817 ei
1386 750 1533 839 princeps
1554 752 1662 839 proie-

323 864 417 931 rentli
434 865 558 952 imperii
571 864 748 931 incuriosus
763 871 840 929 erat.
882 885 946 931 non
968 871 1071 929 tumen
1094 866 1162 929 sinc
1184 885 1246 931 usu
1267 863 1362 929 fuerit
1381 865 1589 952 introspicere
1608 865 1662 932 ille

323 980 430 1066 primo
462 986 589 1067 aspectu
620 978 718 1054 levia,
749 977 884 1064 exquir
910 999 1094 1064 magnarum
1118 998 1213 1065 saepo
1242 998 1350 1043 rorum
1374 986 1479 1045 motus
1502 980 1659 1046 oriuntur.

298 1089 388 1178 olid)
410 1111 483 1157 noui
505 1098 631 1159 cunctas
653 1095 796 1159 nationes
818 1100 850 1159 ei
869 1089 966 1158 urbes
986 1091 1122 1179 populus
1143 1098 1198 1157 eui
1220 1093 1375 1175 primores
1394 1100 1448 1156 aui
1469 1090 1581 1177 singuli
1610 1113 1662 1159 rc·

326 1210 420 1290 guni:
444 1204 565 1272 delecta
583 1226 624 1272 ex
649 1205 687 1272 iis
713 1216 745 1272 ct
766 1204 943 1273 consociata
956 1205 1003 1271 rei
1017 1204 1163 1289 publicae
1177 1205 1280 1271 forms
1292 1202 1416 1270 laudari
1429 1204 1554 1271 facilius
1568 1226 1660 1290 quam

324 1317 471 1396 evenire,
494 1321 546 1385 vel
568 1320 595 1385 si
619 1319 741 1396 evenit,
765 1318 849 1387 band
873 1318 1020 1386 diuturna
1049 1339 1117 1384 esso
1138 1325 1250 1406 potest
1290 1318 1388 1402 igitur
1411 1328 1446 1384 ut
1469 1317 1545 1385 olim
1565 1320 1661 1403 plebe

323 1429 448 1509 valida,
471 1431 523 1498 rel
544 1454 615 1499 cum
636 1440 743 1517 patres
763 1433 936 1517 pollerent,
959 1434 1116 1499 noscenda
1135 1431 1221 1518 rulgi
1243 1440 1355 1498 nutura
1375 1440 1407 1498 et
1427 1429 1540 1518 quibus
1560 1431 1662 1499 modis

323 1551 536 1631 temperanter
556 1544 736 1624 haberetur,
753 1556 941 1632 senatusque
963 1554 995 1611 ct
1015 1545 1210 1632 optimatium
1231 1544 1357 1630 ingenia
1370 1546 1425 1632 qui
1439 1544 1576 1611 maxime
1590 1565 1662 1631 per-

283 1655 515 1736 aedidiocrsnt,
533 1659 636 1727 callidi
654 1668 834 1747 temporum
857 1667 889 1726 ei
909 1658 1065 1747 sapientes
1085 1656 1306 1738 credebantur,
1320 1658 1367 1723 sic
1387 1678 1542 1724 converso
1563 1666 1658 1735 stetu,

322 1792 428 1856 neutro
448 1771 509 1839 alia
529 1792 567 1839 re
587 1776 727 1840 Romana
748 1794 842 1860 quam
864 1773 891 1839 si
912 1793 993 1840 unus
1014 1772 1188 1859 imperitet,
1203 1774 1280 1836 baec
1296 1771 1441 1859 conquiri
1461 1770 1607 1858 tradique
1628 1771 1661 1836 in

323 1904 391 1950 rem
412 1883 525 1962 fuerit,
540 1886 614 1974 quia
634 1885 724 1974 pauci
745 1885 912 1975 prudentia
932 1891 1063 1952 honesta
1084 1884 1124 1950 ab
1146 1881 1371 1958 deterioribus,
1386 1883 1476 1949 utilis
1496 1881 1535 1949 ab
1556 1884 1662 1949 noxiis

324 1998 519 2077 discernunt,
541 1999 649 2087 plures
671 2001 804 2067 aliorum
832 2001 952 2066 eventis
973 1997 1137 2065 docentur.
1185 2006 1326 2063 ceterum
1355 2005 1391 2062 ut
1417 1994 1597 2084 profutura,
1618 1996 1661 2061 iia

323 2111 487 2179 minimum
514 2111 731 2180 oblocutionis
757 2111 912 2181 adferunt
955 2133 1029 2178 unm
1055 2111 1134 2179 situs
1155 2112 1309 2195 gentium,
1332 2109 1500 2177 varietates
1520 2107 1661 2196 proclin-

392 2277 418 2327 i.
440 2276 527 2328 [lebet
545 2285 622 2335 oric,
642 2290 694 2329 non
714 2277 834 2331 Berntldi
852 2281 944 2337 ereio,
962 2275 1001 2327 ii.
1031 2301 1060 2313 -
1087 2276 1168 2325 immo
1185 2277 1227 2325 tic
1243 2275 1339 2340 quippe
1356 2274 1393 2326 tt.
1415 2299 1444 2311 -
1465 2274 1490 2329 3.
1509 2274 1604 2336 impert
1621 2272 1660 2323 it.

322 2365 356 2383 -·
374 2346 401 2399 t.
421 2359 481 2410 repe
497 2346 536 2399 ti.
558 2371 584 2385 -
608 2348 634 2400 o.
650 2349 736 2401 Habet
747 2346 794 2407 tie,
814 2361 868 2399 non
887 2349 927 2398 itis
939 2347 1072 2405 Beroeidi‚
1085 2345 1124 2398 iti.
1140 2371 1171 2383 -
1184 2347 1320 2396 conteictc
1331 2345 1369 2396 id.
1383 2342 1502 2397 Correxit
1515 2345 1660 2402 Ernestiot,

323 2422 385 2467 ente
407 2431 488 2480 quern
508 2417 792 2487 cdebentccnrtttttto.
823 2444 852 2456 -
881 2418 908 2469 3.
927 2417 1054 2468 noscendi
1070 2416 1108 2466 ii.
1128 2415 1247 2468 Correxit
1266 2414 1420 2467 Beroeidut.
1451 2441 1478 2453 -
1500 2416 1545 2465 ii.
1564 2428 1593 2465 re
1610 2413 1663 2462 lic·

322 2487 421 2554 mnne]
448 2486 541 2538 serum
568 2490 607 2541 it.
632 2490 751 2542 correrii
775 2488 890 2553 Lipsius.
923 2514 955 2526 -
987 2487 1029 2539 te.
1052 2479 1236 2538 obiectationer'
1252 2486 1291 2539 ti.
1314 2511 1344 2524 -
1364 2483 1421 2547 cdi·
1440 2486 1484 2536 tiz
1504 2485 1551 2552 off.
1572 2484 1605 2535 Β.
1628 2508 1662 2519 -

320 2557 485 2620 precinente
503 2560 550 2612 it:
567 2562 730 2626 praeliorum
747 2561 780 2612 li.
1451 2582 1456 2589 ·

325 2687 430 2747 oronim
447 2686 625 2740 Gracchorum
643 2689 782 2753 significat.
801 2711 833 2725 ·-
852 2679 971 2753 sermm]
1007 2685 1044 2735 ita
1063 2686 1180 2748 regitur,
1198 2682 1229 2734 ut
1245 2695 1333 2748 nenne
1353 2684 1456 2735 iniuriis
1474 2681 1661 2741 exterruntur,

323 2772 452 2828 corutum
471 2768 586 2833 veilent,
617 2770 644 2819 in
670 2768 748 2821 rebus
767 2770 877 2823 internis
896 2780 971 2821 entr-
1007 2777 1095 2828 neque
1121 2763 1320 2816 adulationibus
1346 2768 1394 2815 ant
1427 2764 1509 2813 nimie
1536 2762 1659 2815 tiberinis

323 2845 412 2898 rendit
426 2854 558 2913 versantes
571 2855 650 2912 etque
664 2850 842 2901 immorentet.
856 2848 972 2911 Beretttt
1008 2845 1134 2896 iasciviei.
1162 2844 1295 2894 dertusa.
1316 2868 1348 2881 -
1378 2855 1406 2894 re
1429 2837 1566 2905 Romane]
1596 2842 1661 2893 «etsi

322 2927 412 2977 eutem
425 2926 507 2989 dicit,
526 2929 737 2994 conteteram,
756 2932 817 2992 outa
837 2928 869 2979 sb
889 2934 971 2978 enter·
1008 2936 1058 2976 nec
1076 2925 1103 2973 in
1123 2936 1203 2988 regno
1221 2926 1332 2975 rtritnne
1353 2934 1402 2973 nec
1420 2936 1508 2986 regern
1521 2921 1662 2977 hebernus.

323 3008 364 3075 nit
383 3007 594 3071 egrediebentur.
630 3010 692 3073 lpse
717 3016 806 3061 eutem
826 3008 909 3060 iibens
929 3006 972 3057 bic
1008 3005 1056 3058 ted
1085 3004 1215 3055 ciritetern
1243 3009 1271 3055 et
1298 3005 1325 3065 ut
1353 3002 1486 3065 plerisque
1506 3006 1604 3053 reterit
1623 3001 1662 3051 rei

246 3134 252 3149 .
323 3087 472 3151 egreditur,
499 3101 533 3141 nc
561 3091 690 3140 continno
714 3102 791 3141 sactu
820 3096 847 3140 et
873 3094 971 3138 atrocir
1010 3083 1131 3147 publices
1167 3082 1296 3145 tormen,
1329 3074 1417 3133 iernen
1452 3079 1501 3133 tub
1539 3084 1660 3143 principe

322 3179 429 3220 uerrere
448 3181 555 3222 nccette
574 3168 680 3221 baberi.
702 3195 730 3207 -
760 3169 789 3218 in
807 3164 885 3232 erto]
917 3167 971 3217 latu
1008 3170 1103 3223 entus,
1128 3165 1155 3213 iu
1179 3176 1234 3228 quo
1262 3172 1456 3223 noueremus,
1477 3172 1571 3224 reapse
1596 3158 1663 3212 nibil

322 3247 385 3299 inde
406 3248 545 3300 elioreto
564 3255 718 3312 competent
736 3248 808 3312 Virg-
828 3247 924 3311 Georss.
942 3246 970 3307 t,
1010 3244 1098 3294 didert
1116 3255 1131 3295 e
1152 3256 1233 3307 regno
1251 3243 1301 3293 nisi
1321 3243 1438 3293 nornine.
1459 3267 1487 3280 -
1509 3236 1590 3304 tete]
1619 3252 1662 3299 ee.

321 3326 356 3377 d:
376 3326 409 3377 ln
426 3329 498 3379 tentet
515 3328 589 3378 ictor
599 3343 608 3389 ,·
627 3333 656 3380 ct
669 3330 753 3379 tentiis
765 3342 819 3378 non
831 3327 929 3392 nterim
941 3351 969 3364 -
1011 3337 1080 3387 quoe
1093 3323 1219 3374 bectenur
1238 3325 1347 3384 erpetui
1367 3322 1401 3372 de
1420 3322 1484 3372 sctit
1503 3333 1535 3372 ac
1552 3321 1665 3372 saevitia

320 3403 418 3470 motttt]
438 3420 532 3458 canere
550 3415 629 3472 atque
648 3410 731 3458 initia.
768 3407 921 3469 Pliniino.
944 3405 971 3460 3,
1009 3404 1124 3463 Tiberii,
1143 3403 1176 3454 ed
1204 3400 1416 3465 pernoscendum
1437 3402 1601 3463 principetur
1620 3402 1663 3449 in·

320 3487 359 3537 t:
391 3487 496 3537 Audisti
520 3488 623 3538 constiti
645 3491 696 3538 met
714 3491 810 3537 motus.
841 3486 894 3536 Cir.
914 3486 970 3537 biv.
1010 3486 1115 3549 genium
1132 3486 1195 3533 setis
1214 3482 1298 3533 utilit.
1315 3508 1344 3521 ·-
1360 3477 1481 3544 retinent]
1500 3478 1664 3543 Comparari

321 3567 374 3627 27,
395 3567 426 3617 9:
457 3567 500 3618 Ec
516 3569 609 3631 porois
626 3568 701 3619 rebus
719 3578 973 3633 roepemoyncmtm
1009 3562 1128 3627 roucyd.
1149 3564 1184 3623 i,
1212 3562 1265 3611 22:
1302 3560 1359 3613 Kal
1382 3558 1412 3624 ἐς
1434 3559 1490 3624 μὲν
1514 3554 1663 3631 ἀκρόασιν

321 3652 453 3699 momento
467 3647 592 3709 pendent.
1009 3641 1081 3706 ἴσως
1096 3638 1130 3693 τὸ
1147 3640 1191 3708 μὴ
1215 3639 1349 3708 μοθῷθες
1370 3636 1469 3691 αὐτῶν
1489 3632 1665 3709 decoriare-

357 3726 402 3777 33.
421 3728 630 3778 consociato-rei
645 3726 765 3791 publicae
782 3721 881 3789 formo]
902 3724 972 3788 Qua·
1012 3738 1064 3794 ρον
1086 3726 1233 3784 φανεῖται.
1278 3720 1370 3771 Cicero
1396 3719 1469 3769 Fem.
1489 3719 1523 3775 5,
1549 3717 1593 3766 ta.
1625 3716 1661 3767 sd

322 3808 374 3860 lem
406 3806 530 3872 Polybius
567 3809 631 3858 dieii
658 3808 801 3858 domenum
826 3806 862 3865 d,
887 3804 914 3856 3.
946 3810 973 3857 et
1009 3801 1154 3852 Lucceium
1168 3800 1337 3849 historicumt
1363 3796 1482 3847 Vertetee
1499 3799 1530 3846 tn
1547 3795 1665 3846 seriben-

214 3870 224 3889 ⁸
322 3891 476 3953 pracsertim
505 3888 558 3938 ii:
589 3882 652 3938 'Orc
674 3887 730 3953 μὲν
764 3887 806 3951 εἰς
833 3882 888 3951 τὴν
914 3882 972 3936 τῶν
1010 3879 1044 3930 dc
1060 3880 1140 3942 piene
1157 3878 1294 3929 cniusdam
1310 3877 1476 3938 cctnptettt.
1505 3889 1574 3940 qttce
1590 3876 1666 3925 nette·

322 3962 443 4019 ὑπάτων
472 3963 661 4032 ἀτονίσαιμεν
680 3962 839 4029 ἐξουσίαν,
858 3962 973 4028 τελείως
1008 3965 1107 4010 menter
1124 3959 1228 4008 cntmcr
1244 3958 1380 4007 nominum
1396 3958 1425 4005 in
1443 3954 1551 4020 tenendo
1561 3954 1666 4016 scripto

320 4043 507 4119 μοναρχικὸν
521 4045 683 4112 πολίτευμα
694 4043 824 4108 ἐφαίνετ’
835 4038 911 4095 εἶναι
922 4043 973 4093 καί
1008 4041 1119 4092 retinere
1141 4039 1234 4100 ρονοίί.
1264 4060 1296 4073 -
1326 4029 1523 4101 redinteeront]
1542 4033 1666 4084 varietas

322 4122 497 4193 βασιλικόν·
525 4120 576 4176 ὅτε
593 4124 624 4176 di
644 4125 686 4188 οῖς
701 4120 757 4190 τὴν
779 4125 831 4188 τῆς
849 4117 973 4190 συγκλή·
1010 4123 1068 4183 ipse
1095 4119 1198 4170 lectoris
1231 4119 1349 4167 animum
1376 4128 1465 4166 rursus
1492 4120 1666 4165 attentiorem

322 4222 391 4263 roo,
411 4201 498 4255 πάλιν
516 4199 782 4276 ἀριστοκρατικόν·
801 4202 852 4255 καί
870 4200 932 4270 μὴν
947 4201 974 4251 εί
1010 4198 1119 4257 reddit,
1138 4198 1158 4247 oi
1178 4196 1246 4248 loric
1258 4196 1411 4246 nerraticne
1429 4197 1553 4244 contiuua
1573 4206 1666 4244 rerum

322 4281 452 4349 τὴντῶν
472 4280 585 4334 πολλῶν
609 4279 748 4346 ἐξουσίαν
767 4281 894 4354 θεωροίη
911 4296 973 4345 τις,
1010 4281 1087 4329 nimir
1113 4277 1240 4327 similium
1266 4276 1429 4339 eliquentunt
1448 4273 1592 4325 detestator
1611 4281 1665 4323 eet.

322 4361 419 4415 ἐδόκει
440 4360 544 4426 σαφῶς
569 4355 645 4412 siret
665 4358 895 4432 δημοκρατικόν.
933 4360 971 4411 ilc
1011 4383 1042 4397 -
1061 4353 1180 4420 ratden]
1206 4368 1281 4418 paret
1301 4358 1385 4406 cuitus
1403 4366 1418 4404 e
1437 4354 1545 4415 peribus
1564 4355 1666 4403 censis.

323 4443 432 4495 iortesre
460 4440 568 4493 Tacitus
595 4441 729 4492 Ciceronis
756 4441 789 4491 de
814 4454 842 4492 re
868 4441 973 4503 nuditer
1011 4437 1136 4502 inteiligit
1162 4438 1343 4487 accusationes
1366 4437 1395 4485 ei
1427 4434 1525 4484 iudicia
1545 4431 1667 4484 eundem

188 4560 228 4581 Η
298 4524 403 4574 ¹libros
421 4525 554 4583 reinerii,
579 4523 626 4583 uui
643 4522 680 4589 ί,
698 4520 751 4571 att:
782 4520 876 4585 lthne
896 4534 975 4585 quar·
1010 4529 1115 4578 semper
1142 4518 1239 4567 exitum
1266 4510 1506 4578 (condemnetiouis
1524 4510 1667 4573 nimirum)

322 4611 378 4655 tom
401 4602 533 4667 quoddam
559 4613 641 4664 oenus
664 4601 706 4649 rei
721 4599 842 4662 noeticae
858 4601 975 4650 mocime
1010 4604 1097 4648 nacta.
1116 4594 1268 4647 Admodum
1287 4596 1357 4645 enirn
1374 4591 1669 4655 crucis,ntridimus,

320 4682 673 4749 prodendumeetecensec.
693 4678 763 4741 quod
780 4681 886 4733 entis,
907 4691 974 4742 quos
1012 4679 1133 4740 pepercit
1145 4676 1279 4727 Tiberius.
1316 4670 1441 4724 Ceterum
1453 4673 1524 4723 uteie
1541 4672 1669 4722 nonnulii

320 4765 411 4828 prime
429 4762 500 4821 diet.
520 4760 683 4810 moderatum
702 4762 726 4807 et
744 4761 905 4823 permixtum
927 4759 975 4808 tri·
1011 4771 1036 4809 r.
1050 4759 1125 4808 enitet
1144 4758 1351 4818 interpretentur
1371 4753 1471 4811 tedio,
1500 4752 1667 4815 Untmneny.

322 4843 378 4894 litte.
398 4841 452 4892 Cir.
472 4841 536 4891 ibid.
557 4839 587 4889 C.
607 4836 652 4888 35.
673 4844 699 4887 ei
716 4838 761 4888 td.
783 4864 811 4875 -
837 4838 862 4887 si
877 4834 973 4902 euenit]
1013 4862 1043 4874 -
1063 4832 1156 4899 cocio]
1176 4835 1350 4897 attendente,
1370 4844 1475 4894 semper
1487 4832 1617 4884 redeunte
1635 4843 1671 4881 ac

322 4927 344 4973 si
363 4924 467 4986 neptem
489 4927 527 4973 est
551 4915 602 4983 (rel
634 4914 752 4979 exstitit).
775 4943 805 4954 -
826 4921 850 4966 et
868 4913 972 4981 quitus]
1013 4929 1094 4980 prope
1123 4915 1293 4966 tnevtuinitn
1314 4910 1402 4963 malim
1420 4912 1553 4975 explicare
1584 4924 1670 4974 quatu

323 5002 394 5052 ilinc
421 5004 538 5054 variatur
567 5006 716 5057 structura,
750 5008 780 5047 ec
804 4998 826 5047 ei
845 5000 973 5060 scriptum
1014 5008 1073 5048 cum
1085 4993 1451 5047 Doederleiuioocbsianiet.
1470 4987 1669 5055 -tcnqsodJ

221 5128 227 5139 ,
324 5088 409 5140 esset,
434 5084 481 5146 qut
507 5082 685 5144 coenonerent
706 5075 782 5142 ouini
806 5081 933 5127 naturam
951 5080 975 5127 et
1013 5075 1119 5125 eilitera
1138 5081 1284 5134 ctusaent,
1304 5074 1422 5123 curmei
1441 5071 1549 5121 ennetee
1568 5070 1672 5122 multos

323 5161 417 5227 unitus
436 5168 487 5213 ret.
506 5160 612 5212 Dorum
634 5183 665 5197 -
697 5153 883 5225 temperanter]
914 5169 974 5209 cum
1013 5157 1099 5208 minut
1127 5154 1277 5216 delectent,
1310 5152 1382 5217 quod
1410 5151 1479 5202 istud
1498 5161 1670 5215 paucorum,
