3682 5872
502 611 662 679 Pennana
684 608 812 679 bxiil.
854 606 936 679 Con.
958 608 1086 678 XXIV.
1104 604 1125 691 ¹)

400 745 578 811 vinnm
598 744 770 811 Maxumus
791 763 833 809 sn
855 739 1049 810 cessamus
1070 742 1229 811 Tannus.

228 878 255 943 Ι.
276 895 355 964 pag.
382 875 416 942 1.
456 875 581 943 Valerii
611 875 751 942 Maximi
774 875 944 942 Dictorum
973 875 1200 962 tectorumque
1228 868 1482 944 memorabilium

150 990 367 1058 ati'iiberium
384 991 559 1057 Caesarem
581 990 655 1055 iibri
669 986 733 1054 IX.
777 986 955 1055 Praecedit
977 989 1120 1074 cupitum
1142 990 1256 1056 tabula
1277 991 1483 1080 singulorum

150 1106 300 1171 librorum
324 1123 365 1171 nc
387 1103 564 1193 prologus,
586 1106 680 1170 cuius
700 1103 825 1167 initium
849 1106 921 1168 est:
951 1099 1051 1168 Vrbis
1070 1100 1225 1188 Romoe3
1247 1102 1341 1169 bnis:
1362 1103 1483 1170 Moto-

149 1212 235 1298 rea'i
267 1222 388 1286 statua
408 1216 656 1305 autiernneamie
687 1221 933 1284 caeremootoo.
975 1212 1120 1283 Ultimus
1141 1213 1283 1282 desinit:
1313 1216 1481 1306 supplicio

149 1334 276 1421 nocuit,
299 1333 339 1396 nt
360 1332 393 1397 iu
415 1328 624 1397 editionibus.

227 1443 272 1510 11.
310 1463 389 1534 pag.
412 1438 500 1509 157.
544 1443 779 1531 Fragmentum
811 1434 883 1525 (sic
912 1442 1103 1508 inscribitur
1135 1446 1168 1508 in
1197 1432 1361 1530 Codice),
1394 1441 1483 1527 quod

147 1560 310 1644 reperitur
343 1576 387 1622 ex
418 1557 577 1622 Historiis
597 1557 742 1623 Cornelii
764 1557 871 1624 'l'uciii
904 1575 923 1623 a
956 1555 1041 1621 libro
1072 1552 1135 1622 XI.
1164 1554 1206 1622 ad
1239 1559 1343 1621 totum
1365 1556 1483 1622 librum

146 1670 257 1758 XXI„
292 1689 356 1737 seu
386 1672 496 1753 notius
522 1670 654 1736 alibro
681 1668 744 1736 XI.
772 1670 950 1736 Annalium
978 1687 1083 1757 nsque
1113 1666 1155 1734 ad
1187 1667 1302 1734 tibrum
1325 1665 1418 1737 XVI.
1448 1672 1483 1735 et

146 1785 366 1852 ilistoriarum
399 1783 554 1849 librorum
587 1774 715 1868 i-V.‚
747 1784 802 1870 qni
833 1786 1023 1869 supersunt
1070 1775 1212 1865 Incipit:
1244 1779 1341 1850 Nom
1373 1780 1483 1849 Vole-

146 1894 446 1965 cannamomum
457 1897 509 1964 bis
520 1896 694 1967 correctam
705 1893 838 1982 ficisse3
861 1894 1002 1962 desinit:
1024 1895 1221 1967 Flavianos
1235 1896 1483 1993 tnPuoaonto,

146 2015 181 2077 nt
198 2012 233 2076 tn
255 2009 469 2077 editionibus.
510 2007 594 2075 Inde
616 2027 694 2099 pag.
715 2004 805 2074 281.
823 2012 934 2095 spatio
964 2028 1073 2079 vacuo
1099 2013 1217 2080 reiieto
1248 2011 1483 2102 adscriptoque

148 2128 177 2188 in
194 2125 348 2214 margine
369 2120 504 2213 deficit,
527 2122 592 2188 aiio
606 2123 869 2208 subsequuntur,
891 2143 1026 2210 quorum
1042 2126 1168 2191 initium
1184 2129 1255 2191 est:
1277 2123 1336 2194 itit
1349 2131 1484 2195 ueteres

146 2238 292 2304 miiitiae
306 2242 347 2304 tn
362 2256 487 2304 mortens
503 2242 777 2326 centumcentur,
803 2236 903 2303 denari
924 2239 1074 2328 ornaritque
1094 2244 1130 2304 ct
1150 2237 1304 2324 frotatcm
1320 2243 1484 2331 ternaque

146 2370 186 2416 nc
205 2351 305 2419 totam
326 2355 397 2417 tuti
422 2354 485 2418 eet.
527 2350 639 2416 Finis:
661 2351 860 2417 coruscando
879 2350 1035 2416 intonant
1060 2348 1190 2418 Vomota
1201 2375 1213 2439 ‚·
1248 2370 1332 2439 quae
1355 2352 1484 2438 quidem

147 2465 246 2531 verba
268 2465 388 2530 nescio
410 2462 573 2550 quomodo
594 2458 649 2530 bic
669 2465 785 2529 iterum
808 2467 1020 2550 repetantur,
1042 2484 1114 2532 cum
1137 2485 1199 2530 sno
1220 2468 1320 2533 etiam
1334 2467 1408 2533 ioco
1431 2467 1485 2533 ie-

146 2582 268 2666 gnntur
284 2580 322 2642 in
338 2572 461 2644 Codice
472 2597 484 2663 3
508 2578 676 2662 pertinent
699 2578 782 2641 enim
805 2576 848 2642 ad
870 2577 986 2642 librum
1003 2577 1061 2643 lV.
1082 2578 1209 2643 Histor.
1230 2575 1454 2646 (3.20-211.

224 2688 347 2759 Codex
365 2690 634 2756 membranaceus
653 2689 721 2756 Ma
743 2692 775 2755 in
791 2691 848 2755 toi.
861 2686 938 2757 Sec.
954 2688 1031 2757 XV.
1053 2710 1154 2775 supra
1174 2710 1270 2777 quam
1292 2691 1357 2760 dici
1379 2694 1486 2777 possit

147 2806 415 2895 elegantissimus
429 2807 463 2869 et
477 2805 512 2868 in
529 2805 689 2889 principio
705 2806 875 2889 utriusque
890 2805 1001 2890 operis
1017 2805 1112 2869 tituto
1127 2823 1244 2886 aureo,
1267 2804 1486 2890 pulcherrimo

147 2919 297 3004 pictura,
320 2916 478 2985 Mediceo
502 2920 673 2984 stemmate
696 2921 731 2983 et
750 2919 897 2984 auctoris
913 2920 1009 2984 icone
1030 2919 1064 2983 in
1080 2920 1184 3004 prima
1201 2918 1314 2985 littera
1338 2938 1486 2986 exorna-

146 3033 214 3115 tus,
235 3034 272 3097 et
296 3049 371 3098 cum
392 3031 529 3116 reliquis
550 3030 707 3097 librorum
730 3031 910 3097 initialibus
930 3048 1011 3096 auro
1034 3033 1201 3119 variisque
1225 3034 1392 3100 coloribus
1413 3033 1486 3097 eie-

147 3148 265 3233 gonter
300 3142 463 3229 depictis,
495 3145 529 3208 iu
562 3147 657 3211 cuius
689 3145 783 3211 caice
811 3144 955 3239 legitur:
990 3142 1097 3211 Liber
1122 3143 1224 3212 Petri
1256 3147 1300 3213 aie
1330 3141 1487 3215 Medicca

150 3248 306 3341 Muri]
329 3256 381 3345 fii.
426 3258 567 3325 Constat
589 3257 679 3324 ioiiis
699 3258 835 3342 scriptis
856 3255 1092 3325 cclrxxxss.

452 3435 621 3505 liuaunun
642 3438 749 3537 lunax
772 3456 975 3505 οιιιιιιιιιι
996 3457 1152 3506 conicum.
1165 3435 1191 3514 ³)

665 3575 782 3646 Sanun
807 3597 965 3646 connum:

505 3705 648 3778 b-ao.
690 3708 896 3794 Quattuor
925 3712 1130 3779 Vaticani.

225 3820 264 3892 8.
298 3823 537 3892 Vaticanus
566 3821 700 3891 1868.
727 3827 997 3892 membranaceus
1025 3820 1104 3892 See.
1133 3824 1228 3894 XIV.
1255 3832 1400 3894 exeunte
1427 3830 1487 3896 aot

150 3935 217 4005 xv.
239 3940 381 4004 ineunte
401 3939 549 4024 acriptus
581 3940 615 4003 at
643 3940 757 4004 similis
778 3935 857 4005 MS.
883 3937 1177 4005 Bibiiotbeoae
1198 3942 1344 4029 regiae
1365 3941 1486 4009 Part-

157 4052 316 4131 aicnsis3
339 4069 381 4117 ex
404 4070 468 4136 quo
491 4051 645 4135 proiecta
666 4049 800 4115 videtur
820 4050 933 4117 Editio
957 4054 1113 4138 princeps
1135 4049 1317 4139 Spirensis.

225 4164 264 4232 7.
286 4164 521 4232 Vaticanus
546 4160 677 4229 1884.
710 4164 978 4231 membranaceus
1006 4167 1041 4231 et
1069 4163 1214 4231 eiusdem
1238 4166 1308 4231 iere
1337 4168 1486 4252 antiqui.

157 4278 241 4363 tatis,
277 4295 385 4365 neque
413 4278 570 4343 absimilis
600 4276 723 4352 codici,
756 4296 851 4362 quom
877 4278 1012 4362 Lipsius
1040 4276 1339 4345 Farnesianum
1366 4284 1487 4367 appel-

149 4389 505 4459 tatetltomanum.
548 4386 618 4459 Cir.
640 4389 681 4456 N.
701 4384 761 4456 ab.

228 4503 267 4570 8.
288 4504 519 4570 Vaticanus
542 4498 674 4569 1958.
703 4504 988 4587 membranaceus,
1010 4507 1133 4571 ceteris
1153 4506 1343 4573 accuratior
1365 4512 1398 4573 at
1421 4508 1486 4575 de-

150 4618 293 4703 scriptus
322 4635 365 4683 ex
392 4613 470 4683 MS.
498 4616 724 4700 Genueusi,
763 4618 817 4701 qui
847 4636 913 4682 non
943 4620 1004 4683 tam
1036 4617 1174 4686 Genuae
1207 4617 1263 4684 vel
1292 4623 1358 4686 aiio
1389 4623 1486 4704 ioco,

154 4734 305 4814 quantum
327 4730 494 4817 novimus,
526 4732 709 4816 reperitur,
739 4729 800 4797 sed
821 4730 898 4796 tons
919 4732 989 4811 est,
1022 4749 1065 4797 ex
1095 4750 1159 4817 quo
1181 4749 1254 4798 cum
1277 4732 1389 4798 Editio
1413 4732 1485 4799 Pu-

155 4860 367 4877 *-

218 4948 234 4999 1
265 4946 333 5000 iiiii.
372 4945 462 5000 Ait.

220 4944 251 5109 8))
268 5047 298 5098 in
318 4960 558 5113 1:5¹„me
577 5060 630 5112 oua
647 5048 767 5107 utimur.
788 5045 884 5111 ianam
899 5044 1018 5098 Maiores
1035 5046 1132 5097 nostri.

220 5141 249 5210 8)
268 5144 300 5197 iii
317 5159 378 5212 caso
397 5157 489 5201 omues
505 5147 643 5200 contiumn
659 5145 795 5200 iamiam
810 5143 882 5198 anu·
901 5143 1059 5203 Ii-xVi·
1078 5150 1105 5203 ct
1122 5143 1191 5205 iibt,
1212 5142 1304 5205 t-v.
1323 5142 1376 5203 οι.
