3682 5872
345 512 410 574 rm

346 684 468 733 morem
482 666 618 756 gereret
628 661 803 752 Poggius,
824 661 870 727 nil
885 660 994 728 omisit
1007 663 1218 747 inuentum,
1234 666 1347 750 uiper
1361 664 1554 734 monacbum
1569 667 1682 733 nescio

346 798 442 867 quem
462 777 674 848 eGermania
687 775 837 842 uastum
861 777 1002 840 erueret
1044 776 1084 841 ln
1107 777 1179 842 elus
1192 775 1347 862 lipistoia
1360 776 1472 846 XXV.
1493 777 1538 845 ed
1557 779 1683 847 Niacc-

260 919 263 923 ·
346 893 411 958 lum
427 885 452 962 ¹)
478 891 558 959 data
580 890 706 957 Romae
727 908 760 955 v.
786 886 865 954 Kal·
887 884 1022 954 Octobr.
1052 885 1187 954 iisse
1228 889 1299 956 ulle
1324 885 1497 958 Cornelio·
1529 881 1682 978 (inquit)

347 1006 501 1091 n'l'acito,
521 1005 577 1091 qui
591 1006 645 1070 est
663 1003 698 1068 in
713 1000 909 1081 Germania,
932 1002 979 1065 nii
996 1001 1116 1067 motio.
1157 1001 1330 1088 Exspecto
1349 1022 1544 1091 resporuum
1563 1007 1606 1073 ab
1624 1005 1682 1071 iiio

343 1117 506 1186 monacho
526 1119 611 1184 cet·
649 1114 695 1180 Et
716 1117 750 1179 in
771 1111 972 1200 bipist.LX.:
997 1111 1155 1196 «Quidam
1177 1116 1357 1183 monachus
1378 1121 1504 1186 amicus
1526 1134 1617 1186 meus
1638 1137 1681 1186 ex

342 1231 486 1319 quodum
507 1229 708 1295 monasterio
726 1221 943 1313 Germaniae,
965 1229 1020 1312 qui
1044 1228 1158 1293 olima
1179 1229 1275 1295 nobis
1295 1232 1450 1316 recessit,
1473 1230 1516 1298 ad
1530 1249 1581 1299 me
1596 1233 1681 1297 misit

341 1345 493 1430 litteras,
516 1361 599 1430 ques
623 1340 743 1407 nudius
767 1343 905 1426 quartus
930 1341 1064 1425 accepi,
1092 1360 1153 1426 per
1178 1360 1261 1428 quas
1285 1345 1403 1411 scribit
1429 1363 1467 1410 se
1491 1346 1681 1431 repperisse

341 1459 451 1545 aliqua
466 1457 634 1522 volumina
649 1453 691 1520 de
706 1455 831 1518 nostris
846 1456 911 1520 oet.
954 1454 1102 1519 Interea
1118 1454 1285 1520 volumina
1304 1462 1357 1522 cst
1371 1458 1476 1565 {ullus
1489 1458 1681 1539 Frontinus,

342 1575 376 1640 et
400 1573 511 1658 aliqua
536 1587 638 1656 opera
652 1563 797 1635 Gornelii
819 1565 926 1632 'l'aciii
951 1566 1048 1632 nobis
1073 1568 1192 1655 ignota
1222 1572 1303 1635 cet·
1340 1570 1386 1635 lit
1408 1572 1516 1656 Epist.
1538 1569 1680 1637 LXVl.:

343 1681 536 1754 «Cornelius
550 1681 687 1748 'l'acitus
708 1681 785 1746 silet
805 1681 893 1744 inter
907 1679 1106 1762 Germanos,
1129 1700 1236 1767 neque
1261 1682 1434 1769 quidquem
1458 1683 1579 1751 exinde
1601 1685 1680 1750 novi

340 1800 476 1886 percepi
490 1796 531 1863 de
549 1797 619 1862 eius
635 1794 791 1880 operibus
805 1797 887 1860 oct·
920 1792 1067 1859 'landem
1081 1793 1262 1861 monachus
1277 1795 1527 1864 Hersieldensis
1542 1796 1680 1863 Romam

340 1913 434 1980 venit
458 1929 531 1978 cum
551 1909 739 1976 inventario
760 1908 886 1994 aliquot
906 1906 1084 1989 librorum,
1114 1909 1146 1972 in
1169 1909 1287 1995 qulbus
1306 1907 1413 1977 Taciti
1437 1911 1593 1976 volumen
1616 1908 1680 1975 de-

338 2024 556 2095 scribebatur.
577 2021 730 2112 Poggius
745 2023 778 2086 in
792 2020 900 2105 Epist.
914 2018 1041 2087 LXX:
1066 2020 1187 2087 «Mitto
1203 2026 1312 2088 autem
1331 2021 1373 2089 ad
1397 2026 1431 2088 ie
1449 2041 1537 2090 nuuc
1552 2027 1680 2109 partem

336 2138 518 2206 inventarii
538 2137 591 2202 sui
606 2127 662 2217 (id
679 2138 747 2221 est,
767 2133 919 2201 monachi
935 2123 1057 2218 illius),
1074 2136 1109 2199 in
1130 2153 1194 2221 quo
1211 2134 1409 2203 describitur
1423 2136 1578 2202 volumen
1598 2135 1679 2203 illud

337 2249 483 2324 Cornelii
509 2251 633 2336 Taciti,
657 2252 691 2316 et
711 2249 867 2331 aliorum,
889 2248 1007 2332 quibus
1022 2265 1173 2315 caremus
1187 2251 1269 2317 cet·

420 2367 492 2435 Res
515 2368 628 2445 ‚tamn
655 2363 690 2429 in
717 2365 844 2428 irritum
873 2361 976 2428 cessit
1003 2380 1109 2448 usque
1137 2360 1181 2427 ad
1203 2363 1327 2429 Leonis
1347 2362 1392 2430 Χ,
1415 2366 1577 2451 aetatem,
1613 2385 1678 2452 quo

337 2479 467 2569 quidem
501 2477 663 2548 Pontifice
693 2473 838 2546 Gornelii
872 2474 980 2542 'l'aciti
1012 2475 1103 2541 Libri
1133 2477 1275 2562 quinque
1307 2478 1340 2542 in
1373 2476 1552 2545 Germania
1583 2478 1679 2545 luere

336 2595 484 2679 inuenti,
505 2594 634 2680 ipsique
649 2589 802 2658 Pontifici
817 2587 931 2653 oblati.
962 2586 1272 2655 Animadvertenda
1288 2591 1386 2656 etium
1400 2594 1479 2657 sunt
1493 2591 1570 2677 illa,
1592 2610 1678 2678 quae

336 2708 379 2776 de
406 2709 521 2775 Leone
550 2704 594 2771 Χ.
630 2704 746 2773 scribit
776 2703 810 2768 ln
836 2701 992 2787 Epistola
1020 2700 1127 2768 'l'aciti
1156 2699 1292 2767 editioni
1324 2702 1497 2771 Romanae
1530 2703 1679 2791 praefixa

336 2820 524 2889 Beroaldus
551 2819 678 2884 iunior:
714 2813 812 2905 «Age
841 2834 923 2881 vcro
953 2816 1077 2900 quanto
1107 2813 1172 2880 boc
1199 2816 1306 2899 ipsum
1334 2816 1432 2883 laude
1454 2816 1588 2907 dignum
1611 2822 1679 2904 est,

337 2933 425 3024 quod
457 2930 692 3021 propemodum
725 2929 902 3013 praeconis
940 2945 1026 2994 voce
1065 2929 1216 3016 ingentia
1246 2931 1392 3015 praemia
1422 2929 1678 3021 indagatoribus

335 3050 492 3117 librorum
523 3045 747 3134 proposuisti,
781 3044 809 3108 si
839 3060 923 3127 quos
944 3040 1048 3107 libros
1068 3044 1224 3107 vetustas
1246 3044 1341 3109 nobis
1361 3042 1495 3129 invidit,
1523 3044 1679 3113 alicunde

336 3182 356 3231 e
376 3162 524 3230 latibulis
544 3148 770 3227 eduxissent?
793 3152 887 3237 Quae
908 3155 1045 3220 venatio
1060 3154 1204 3223 Cornelii
1220 3154 1328 3222 'l'aclti
1349 3155 1412 3222 bos
1434 3159 1557 3243 primos
1578 3162 1678 3245 quin.

337 3296 401 3366 que
420 3277 542 3360 libros,
565 3275 619 3360 qui
640 3271 857 3359 perlongum
879 3269 1064 3335 seculorum
1086 3267 1241 3334 ambitum
1263 3270 1447 3356 latuerant,
1480 3274 1514 3338 in
1534 3273 1679 3342 saltibus

337 3390 535 3460 Germaniae
555 3387 693 3451 invenit.
737 3380 841 3465 Quam
865 3388 900 3447 tu
923 3380 1078 3468 praedam
1100 3380 1144 3447 ad
1165 3385 1199 3448 te
1221 3382 1370 3461 allatam,
1391 3404 1432 3453 ac
1452 3403 1573 3475 magna
1586 3404 1678 3453 mer·

336 3502 419 3574 cede
439 3504 663 3587 comparatam
685 3500 794 3573 σευ.
816 3495 1004 3563 Concinunt
1028 3494 1112 3563 baec
1138 3495 1252 3562 verbis
1274 3497 1357 3589 tilis,
1381 3517 1465 3584 quae
1487 3498 1530 3566 ad
1552 3501 1677 3568 calcem

336 3616 446 3684 dictae
468 3613 624 3682 editionis
644 3611 800 3697 apposita
826 3611 926 3697 sunt,
959 3607 1139 3675 videlicet.-
1176 3609 1334 3705 «Nomine
1357 3612 1480 3680 Leonis
1501 3610 1546 3679 Χ.
1577 3613 1678 3681 Pont.

335 3729 431 3799 Max.
451 3727 626 3815 proposita
646 3727 725 3791 sunt
746 3723 892 3804 praemla
913 3740 980 3787 non
1009 3720 1189 3788 medlocria
1215 3722 1287 3811 liis,
1322 3726 1376 3811 qui
1404 3725 1449 3792 ad
1475 3745 1547 3794 eum
1573 3727 1677 3795 libros

335 3848 488 3927 veteres,
509 3857 617 3926 neque
632 3837 796 3906 hactenus
817 3835 926 3903 editos
946 3835 1120 3901 attulerint
1141 3838 1222 3903 oet·
1268 3835 1325 3903 Ad
1348 3857 1404 3926 eu,
1427 3859 1511 3927 quae
1526 3839 1674 3910 dehisce

337 3959 479 4046 quinque
500 3953 666 4041 prioribus
686 3946 833 4019 Cornelii
861 3948 955 4015 libris
982 3949 1157 4034 praefatur
1184 3948 1340 4016 laudatus
1360 3951 1547 4020 Beroaldus
1572 3971 1674 4022 acce-

337 4069 418 4139 dant
433 4070 531 4138 etium
546 4084 631 4154 quae
644 4065 779 4151 Lipsius
794 4061 949 4130 edisserit
963 4060 1007 4126 ad
1023 4080 1063 4128 ea
1077 4061 1183 4129 verbs
1198 4063 1242 4128 li.
1263 4062 1443 4131 Annalium
1458 4066 1575 4153 Capite
1589 4064 1667 4134 le

334 4184 467 4271 flumen
493 4179 650 4267 Visurpta
677 4175 911 4262 tisterfluebut.
967 4172 1107 4241 ablutus
1127 4172 1349 4243 Romanorum
1373 4177 1675 4267 Germanorumque

337 4296 433 4366 clade
455 4295 576 4362 nobilis
596 4292 717 4379 amnis,
739 4291 791 4359 eui
806 4288 925 4355 temam
939 4288 1119 4374 praecipue
1133 4285 1270 4357 Tacitus
1284 4288 1392 4374 dedit,
1413 4295 1447 4358 et
1467 4294 1540 4377 ipse
1555 4292 1674 4361 'l'acito

337 4401 474 4493 [mirum
488 4397 617 4489 iatum)
629 4406 741 4472 vitam.
782 4401 866 4470 Nam
880 4402 1024 4489 quinque
1044 4400 1078 4466 bi
1096 4403 1257 4487 primores
1271 4403 1345 4470 libri
1360 4407 1486 4471 inventi
1501 4402 1673 4492 Gorbeiae,

337 4521 426 4613 quod
453 4521 687 4589 monasterium
714 4516 758 4584 ad
778 4515 947 4605 Vburgim
975 4518 1038 4582 est·
1080 4513 1195 4601 Atque
1223 4518 1314 4585 illine
1342 4508 1571 4606 depromptum
1591 4539 1675 4589 vere
1808 4620 1809 4623 Ἴ

336 4636 426 4707 buno
446 4636 637 4704 thesaurum
660 4633 817 4719 quaestor
838 4627 967 4715 quidam
989 4629 1178 4716 pontificius
1197 4628 1240 4696 ad
1263 4649 1416 4721 magnum
1436 4631 1582 4701 Leonem
1608 4630 1676 4700 de.

337 4753 431 4833 tulit,
454 4749 598 4816 donatos
619 4746 661 4813 ab
683 4763 724 4811 eo
745 4743 856 4810 aureis
877 4743 1095 4833 quingentis·
1134 4743 1266 4828 lipsius
1279 4743 1365 4811 idem
1379 4745 1414 4812 in
1431 4746 1676 4834 Dispunctione

337 4870 491 4935 notarum
511 4859 646 4932 Codicis
665 4855 893 4926 Mirandulani
922 4856 1032 4924 addit:
1069 4855 1242 4925 «codicem
1273 4858 1363 4926 iilum
1395 4864 1484 4928 tuum
1513 4858 1675 4951 advocas,
1803 4866 1806 4959 ζ

339 4999 476 5069 quorum
495 4976 593 5044 unice
614 4974 744 5042 unicum
765 4973 802 5039 in
823 4975 897 5040 tote
909 4970 1048 5058 Europa
1061 4973 1231 5059 exemplar
1245 4990 1325 5043 esse
1338 4974 1500 5044 hactenus
1513 4971 1673 5045 audimus.

340 5119 558 5140 W

407 5200 435 5270 1)
453 5195 584 5251 ildittosir
602 5194 710 5248 curuis
727 5189 791 5245 cisa.
808 5191 865 5247 siro
881 5188 1025 5244 Laurentio
1042 5186 1138 5246 liebus
1154 5201 1215 5258 pus·
1233 5189 1279 5248 it.
