3634 5876
314 452 377 519 618
697 452 886 522 CORNELII
906 451 1041 519 niciri
1061 454 1265 523 iminium

314 612 414 681 salute
435 614 584 703 principis
605 624 660 683 aut
680 614 806 683 caelesti
829 635 907 681 voce
927 616 1156 695 immolarisse;
1177 614 1343 684 adudunm
1364 614 1442 685 olim
1463 622 1495 682 et
1507 613 1642 687 indeles-

315 749 405 803 snm,
426 731 481 814 qni
494 731 676 814 volgarilsus
692 750 819 814 quoque
841 736 965 816 patrum
991 728 1143 795 conmltis
1157 738 1255 798 semet
1267 728 1422 797 fautorem
1438 733 1645 797 sutmsmsa-

216 906 219 911 .
312 843 397 907 rium
419 847 615 917 ostenderet,
637 842 773 909 triennio
800 864 866 908 non
890 842 1038 909 introisse
1059 844 1199 921 curiam3
1227 846 1490 932 nuperrimeque,
1512 864 1584 910 cam
1604 843 1645 910 ad

314 953 504 1021 codrcendos
530 955 668 1022 Silanum
696 964 728 1021 ct
754 959 899 1022 Veterem
926 955 1069 1022 certatim
1100 965 1357 1033 concurreretur,
1388 956 1519 1045 privatis
1542 957 1647 1044 petias

291 1068 471 1134 cclicntinm
499 1068 633 1155 negotiis
661 1068 834 1136 vacavisse.
871 1069 1083 1137 secessionem
1112 1072 1173 1135 iam
1199 1069 1234 1135 id
1254 1077 1287 1135 et
1308 1079 1410 1154 partes
1434 1077 1482 1145 ct,
1513 1069 1541 1136 si
1562 1071 1650 1136 idem

312 1180 402 1246 multi
423 1184 575 1256 audeant,
596 1183 716 1248 bellum
730 1203 811 1249 esse.
838 1193 891 1247 aut
904 1187 1063 1271 quendem
1078 1186 1117 1250 G.
1134 1183 1318 1249 Caesarem»
1343 1182 1445 1270 inquit
1468 1190 1520 1249 aet
1531 1187 1573 1249 ii.
1590 1184 1650 1248 Ca·

311 1302 438 1371 tonem,
461 1297 505 1360 ita
524 1316 607 1362 nunc
623 1304 672 1373 te,
696 1300 799 1374 Nero,
824 1307 855 1365 et
869 1299 1038 1364 Thraseam
1054 1295 1144 1363 aride
1166 1295 1393 1363 discordiarum
1413 1295 1523 1363 civitas
1544 1295 1650 1383 ioqui·

312 1417 375 1475 tur.
399 1418 431 1475 et
443 1407 539 1476 habet
552 1418 722 1476 sectatores
737 1410 787 1477 vcl
800 1412 905 1498 potius
920 1409 1086 1487 satellites,
1110 1408 1166 1495 qui
1181 1408 1321 1476 nondum
1337 1411 1563 1477 contumaciam
1577 1430 1650 1474 sen-

312 1523 482 1589 tentiarum
503 1526 559 1589 scd
579 1525 722 1590 habitum
745 1523 926 1611 voltumque
954 1523 1022 1589 eius
1051 1530 1225 1599 sectantur,
1256 1522 1351 1609 rigidi
1372 1532 1404 1589 ct
1425 1526 1549 1599 tristes,
1584 1543 1648 1610 quc

273 1633 369 1701 actibi
383 1636 543 1702 lasciviam
565 1639 769 1724 exprobrent.
794 1636 867 1703 huic
881 1635 936 1704 uni
956 1635 1153 1703 incolumitas
1176 1644 1250 1712 tua,
1271 1636 1377 1720 †sine
1399 1646 1482 1702 artes
1502 1638 1569 1701 sine
1591 1634 1650 1701 ho-

312 1769 402 1815 nore.
438 1771 607 1839 prosperas
632 1749 779 1838 principis
799 1772 850 1816 res
873 1749 1010 1837 spernit:
1045 1751 1179 1816 etiamne
1201 1749 1335 1816 luctibus
1349 1759 1381 1816 et
1398 1747 1562 1817 doloribus
1582 1769 1651 1816 non

312 1864 461 1929 satiatur?
489 1863 630 1932 eiusdem
652 1865 748 1930 animi
769 1872 817 1929 cst
838 1866 1017 1950 Poppaeam
1034 1862 1138 1928 divam
1157 1883 1222 1929 non
1244 1862 1392 1940 credere,
1414 1867 1505 1930 cuins
1525 1862 1561 1927 in
1579 1869 1650 1927 acta

313 1975 376 2043 diri
397 1980 528 2063 Augusti
551 1986 583 2044 et
605 1980 668 2043 disi
689 1978 758 2043 iulii
788 1997 850 2043 non
878 1978 995 2041 iurare.
1035 1975 1154 2063 speruit
1180 1976 1366 2062 religiones,
1398 1979 1529 2062 abrogat
1549 1974 1647 2061 ieras.

314 2088 425 2155 diurna
445 2090 554 2177 populi
576 2093 708 2158 Romani
730 2110 787 2177 per
799 2087 996 2177 provincias,
1019 2109 1077 2175 per
1098 2091 1256 2156 exercitus
1275 2091 1411 2155 curatius
1432 2088 1593 2174 leguntur,
1616 2094 1650 2152 ui

274 2223 304 2266 ιι
313 2212 461 2270 noscatur
475 2204 551 2291 quid
566 2203 703 2270 Thrasea
723 2224 787 2270 non
808 2202 929 2270 iecerit.
953 2212 1006 2270 ant
1028 2209 1222 2268 transcamus
1236 2206 1275 2267 ad
1297 2200 1350 2268 illa
1366 2201 1524 2278 instituta,
1549 2203 1576 2266 si
1590 2222 1650 2286 po-

312 2319 392 2383 tiora
407 2325 493 2383 sunt:
517 2325 573 2384 aut
585 2337 667 2384 nova
681 2316 878 2404 cupientibus
897 2313 1058 2387 auferatur
1079 2314 1145 2382 dux
1163 2324 1196 2381 et
1214 2325 1336 2382 auctor.
1359 2314 1420 2381 ista
1438 2322 1523 2381 secta
1540 2312 1646 2380 Tube-

312 2450 409 2496 rencs
430 2439 462 2495 et
482 2432 653 2507 Fauonios,
690 2430 791 2497 vetari
813 2449 939 2517 quoque
960 2427 1172 2517 reipublicae
1200 2431 1321 2514 ingrate
1349 2429 1493 2504 nomina,
1527 2426 1647 2513 gennit.

312 2552 347 2610 ut
367 2543 533 2631 imperium
555 2553 713 2622 evertant,
743 2541 919 2611 libertatem
940 2541 1139 2629 praeierunt:
1173 2543 1201 2609 si
1221 2540 1446 2630 perverterint,
1467 2540 1646 2606 fibertatem

384 2776 409 2826 i.
429 2774 487 2826 ads.
507 2775 554 2827 ii:
574 2787 627 2824 css.
647 2774 678 2824 B.
707 2774 777 2825 -8,
796 2774 868 2836 scip.
888 2772 935 2823 ii:
955 2773 1027 2838 cuiq.
1048 2771 1079 2823 it.
1103 2795 1135 2809 -
1155 2771 1179 2823 3.
1199 2772 1337 2823 introisset
1353 2769 1392 2822 Μ.
1415 2795 1444 2808 -
1464 2771 1491 2822 5.
1511 2771 1651 2821 uocauisss

313 2845 354 2897 Μ.
382 2870 413 2883 -
442 2844 529 2897 iiabet
548 2853 574 2897 ct
593 2847 616 2896 ss·
634 2845 678 2906 ii,
707 2858 775 2905 non,
794 2852 824 2895 ut
841 2845 1001 2896 Doederlein
1021 2847 1143 2905 spiratus
1162 2848 1217 2901 eri,
1236 2845 1260 2892 si
1278 2845 1374 2893 omisso
1392 2847 1426 2892 et.
1449 2866 1479 2880 -
1498 2841 1525 2891 s.
1545 2842 1576 2893 (ι’.
1603 2841 1650 2891 iic

313 2914 411 2968 Gutum
433 2917 464 2968 ii.
487 2941 515 2954 -
537 2929 587 2966 cea.
607 2916 644 2966 Μ,
667 2940 698 2952 -
715 2917 754 2968 Μ.
774 2917 820 2967 ida
839 2915 961 2966 Marcam
979 2916 1009 2963 ii.
1033 2938 1057 2952 ·-
1080 2915 1107 2964 ’1.
1126 2927 1197 2964 ocae
1215 2913 1304 2964 teneto
1322 2914 1456 2962 ttrcsenas
1473 2911 1512 2962 Μ.
1531 2910 1650 2964 Comata

312 2988 481 3040 Puteciaaus.
511 3013 540 3024 -
568 2986 595 3036 s.
616 2987 686 3050 acad
703 2986 740 3037 idi
757 2987 795 3036 ni.
817 2985 973 3037 Emendasit
990 2985 1144 3036 iiienanaa.
1176 3006 1205 3021 ·-
1230 2985 1274 3034 it).
1294 2988 1343 3033 tun
1359 2987 1417 3035 sisae
1434 2990 1505 3034 ories
1524 2990 1650 3044 corrupta

312 3059 357 3109 ii:
375 3063 440 3119 tou,
470 3065 532 3109 tuce
550 3062 620 3108 artes
639 3071 697 3107 cum
715 3057 737 3106 1.
758 3057 799 3107 Fr.
819 3056 951 3115 ,Gronorie
974 3055 1006 3105 ii.
1026 3056 1150 3118 Lipsius:
1180 3058 1227 3104 tac
1244 3056 1300 3104 siae
1318 3067 1404 3114 aare,
1435 3060 1516 3104 artas.
1544 3077 1578 3089 -
1604 3055 1649 3103 11.

309 3130 441 3192 principia
458 3132 586 3192 resperatt
604 3128 642 3180 Μ.
671 3150 700 3166 -
727 3128 770 3177 ie.
788 3140 919 3191 poppeccs
937 3126 975 3178 Μ.
1004 3151 1033 3163 -
1061 3124 1105 3177 13.
1123 3125 1191 3187 Aac.
1212 3136 1272 3175 curn
1292 3125 1338 3175 lin.
1357 3125 1396 3176 Μ.
1425 3150 1457 3161 -
1485 3124 1538 3174 tuis·
1558 3124 1596 3174 Μ.
1618 3148 1648 3160 -

312 3201 427 3263 lapidosa
446 3199 484 3249 Μ.
503 3200 653 3249 correctum
673 3201 699 3248 in
720 3198 807 3250 Guait.
828 3205 854 3250 et
872 3210 887 3248 a
907 3196 1063 3250 Puteolano·
1088 3220 1123 3231 -
1151 3194 1192 3246 14.
1211 3194 1266 3245 ΡΜ
1284 3207 1342 3246 cum
1364 3195 1410 3246 lin·
1429 3193 1468 3246 ii.
1493 3194 1588 3245 -15.
1610 3193 1651 3244 iss·

312 3272 420 3322 stitutus
437 3270 476 3321 Μ.
505 3294 539 3305 -
566 3270 609 3320 17.
628 3269 750 3332 salonica
768 3268 805 3321 Μ.
836 3294 863 3306 -
889 3270 966 3331 ssi-p.
987 3267 1023 3320 ii.
1043 3291 1076 3303 -
1095 3265 1138 3316 is.
1158 3271 1305 3319 euertarcat
1323 3264 1363 3317 Μ.

313 3477 400 3546 (cuius
414 3482 473 3534 ride
486 3482 549 3533 Erc.
565 3477 607 3545 n.)
623 3507 651 3519 -
671 3476 785 3544 caelesti]
808 3479 883 3531 Suet.
898 3478 961 3529 Ner.
1001 3482 1085 3528 torum
1112 3487 1159 3537 pro
1188 3476 1369 3527 incolumitate
1393 3476 1522 3537 principia
1547 3487 1649 3527 naam·

313 3562 364 3612 {tir
391 3561 578 3629 dominatibus
596 3562 696 3611 cunctis
714 3561 848 3611 coelestem
864 3570 961 3609 vocem.
1000 3559 1149 3620 petionem.
1169 3560 1216 3619 qui
1233 3556 1319 3607 tonos·
1336 3560 1392 3606 arat
1410 3554 1527 3605 dicum.
1553 3555 1609 3606 Lis.
1620 3554 1648 3615 8,

313 3643 364 3695 liin
382 3643 433 3701 ei,
454 3643 506 3692 20:
538 3636 740 3707 ἠναγκάζοντο
766 3638 798 3692 oi
824 3645 886 3702 τοῖς
908 3635 964 3690 Ao-
999 3637 1051 3696 ³3,
1070 3637 1123 3687 aiz
1154 3636 1222 3686 Arce
1239 3635 1376 3700 rampeio
1393 3634 1513 3696 tumeat,
1541 3635 1646 3694 iecere,

313 3724 478 3792 γουστιίοις
505 3717 653 3782 (miiitibua)
681 3721 730 3771 acal
756 3721 787 3771 oi
811 3713 895 3770 ἄλλοι
913 3719 962 3769 καὶ
999 3718 1074 3767 doato
1086 3715 1261 3766 cumulentur.
1276 3738 1308 3752 -
1326 3716 1355 3764 ia
1373 3721 1436 3765 acic
1453 3715 1511 3764 dics·
1527 3710 1647 3781 deperit]

314 3797 453 3866 ἄκοντες,
490 3801 565 3868 πλὴν
591 3799 646 3853 τοῦ
669 3800 801 3872 Opunta,
840 3798 961 3869 ἐκβοᾷν.
998 3797 1063 3848 Nam
1092 3798 1119 3846 in
1144 3794 1264 3847 soliemni
1292 3795 1336 3845 iiie
1363 3796 1421 3846 iure
1448 3795 1563 3845 iurando
1587 3794 1646 3844 Kal.

314 3882 436 3933 Philostr.
457 3880 510 3931 vit.
524 3881 609 3942 epoti.
630 3880 705 3939 5,7.
726 3893 752 3943 p.
767 3878 811 3929 88.
831 3879 880 3930 iid.
894 3880 964 3943 lisy·
999 3878 1056 3929 ian.
1076 3888 1128 3926 non
1147 3875 1232 3926 scium
1250 3879 1278 3926 in
1291 3883 1347 3926 acta
1362 3877 1507 3937 principis,
1526 3878 1572 3939 qui
1586 3882 1648 3924 tuac

314 3975 357 4012 ser
374 3962 444 4010 idem
464 3964 561 4013 crimen
580 3967 727 4011 memorat:
747 3984 759 3996 ·
776 3985 787 3996 ·
804 3956 859 4022 τὰς
881 3957 964 4021 disca
1000 3961 1086 4021 ipsum
1105 3955 1225 4013 virebat,
1253 3969 1343 4007 rernm
1358 3958 1436 4006 etiam
1449 3957 1476 4005 in
1491 3955 1648 4016 praeceden-

313 4040 361 4093 ἐπὶ
378 4046 442 4102 τοϊς
459 4036 596 4108 θεάτροις
614 4042 663 4091 καὶ
682 4044 748 4103 ταῖς
771 4033 876 4106 ᾠδαῖς·
906 4033 963 4088 oda
1000 4042 1085 4097 tium,
1123 4047 1237 4098 quorum
1264 4042 1323 4086 acta
1350 4047 1402 4085 usn
1428 4033 1527 4086 abciita
1555 4039 1646 4094 erant,

313 4113 401 4186 ἦλθες
425 4112 649 4190 ἀκροασόμενος
672 4120 809 4187 Νέρωνος
827 4112 851 4184 ἤ
873 4114 965 4187 παρῆ·
1000 4115 1131 4166 iurabant.
1157 4138 1188 4151 -
1208 4111 1317 4178 duros]
1337 4115 1369 4165 de
1390 4114 1489 4177 quibus
1509 4113 1557 4165 cir.
1571 4114 1646 4164 Suet.

314 4197 373 4251 oda
391 4199 464 4264 μέν,
490 4190 632 4270 ῥᾳθύμως
653 4197 684 4250 δὲ
705 4194 820 4267 ἠκροῶ,
846 4194 962 4262 ἐγέλας,
1000 4197 1075 4248 Caes.
1094 4196 1139 4246 so.
1172 4194 1209 4246 Le
1224 4193 1298 4245 Clere
1315 4194 1514 4258 desjoorauoc
1530 4195 1589 4245 cissa
1613 4195 1648 4244 ies

314 4274 373 4330 orias
394 4272 574 4348 ἐκράτησας,
604 4271 662 4328 οὐκ
686 4271 796 4339 ἔθυσας
812 4269 887 4345 ὑπὲρ
911 4276 964 4340 τῆς
1000 4276 1132 4326 Romulae.
1152 4274 1230 4324 Puris
1243 4274 1321 4324 1888.
1336 4297 1367 4310 -
1386 4270 1518 4337 cursum]
1538 4274 1581 4332 it,
1593 4273 1645 4322 2¹:

313 4355 433 4423 φωνῆς.
473 4353 522 4406 ἵνα
548 4354 670 4407 Hordea
700 4352 764 4419 (ἀπ’
792 4350 963 4420 Ὀλυμπίων)
999 4357 1075 4406 iudos
1093 4355 1211 4405 eurotias
1234 4354 1328 4404 aditos.
1365 4353 1434 4406 Ante
1452 4354 1570 4415 lipsium
1589 4365 1647 4403 eam

313 4435 502 4507 λαμπροτέρα
520 4429 612 4486 ἔλθοι.
634 4458 665 4472 ·-
690 4436 747 4485 siae
766 4431 846 4498 ortes]
867 4434 964 4496 Quam·
1001 4435 1087 4486 Gueii.
1107 4435 1221 4496 aliisque
1239 4435 1323 4485 Codd.
1343 4448 1358 4486 e
1376 4435 1453 4498 giers.
1472 4433 1590 4484 edebant
1605 4446 1649 4483 aa·

315 4530 395 4579 suam
419 4522 510 4578 apium
535 4521 574 4566 est
597 4519 676 4566 ctiam
696 4515 778 4577 Lipsii
796 4515 963 4577 supptemea·
1000 4515 1127 4565 ceratias.
1155 4536 1191 4550 -
1222 4511 1310 4577 secia]
1341 4513 1481 4575 disciplina
1499 4513 1597 4564 Stoica.
1615 4533 1649 4549 «-

315 4602 371 4645 tom
399 4595 448 4645 ioci
477 4598 611 4657 corruptia
644 4601 691 4644 toa
714 4595 882 4644 incolomitas
908 4595 964 4645 stoa
1001 4589 1166 4656 Tuberones]
1192 4593 1316 4657 inteiligit
1335 4593 1367 4655 Q.
1387 4592 1577 4651 Tuberonem,
1603 4593 1647 4654 nai

315 4687 397 4734 cura,
426 4681 497 4725 artes
516 4682 587 4732 cet..
613 4672 809 4724 Grcncrianum
828 4681 875 4725 tac
894 4676 964 4724 inco·
1000 4678 1027 4725 ia
1046 4674 1124 4736 epuio
1144 4673 1250 4734 publice
1271 4672 1391 4724 haedinis
1419 4672 1532 4734 petillius
1557 4676 1648 4722 stravit

315 4755 439 4810 lunatica.
470 4759 532 4805 tace
555 4760 627 4804 ortes
652 4753 732 4804 nelina
756 4754 961 4816 reprehendere,
1000 4756 1080 4807 iactos
1098 4753 1248 4805 Punicanos
1267 4760 1295 4805 ei
1317 4766 1377 4804 rasa
1403 4751 1490 4803 Semta
1516 4753 1647 4814 exposuit.

314 4841 344 4884 nt
379 4834 441 4885 iecit
469 4833 648 4886 Dcedarieinr
691 4833 876 4884 aincoiumitas
910 4846 963 4884 non
1000 4835 1056 4885 Cic.
1077 4834 1153 4883 Brut.
1173 4831 1217 4882 31.
1243 4844 1290 4894 pan
1308 4832 1418 4884 Murena
1437 4831 1481 4883 88.
1501 4830 1560 4883 Vai.
1577 4832 1647 4883 nisa.

316 4913 384 4963 hene
410 4913 466 4964 sins
492 4913 591 4964 tenore
615 4915 820 4965 arcadicum.»
858 4914 962 4963 Etenim
999 4914 1033 4971 7.
1054 4913 1132 4973 5,1.
1153 4912 1378 4972 Geiiiusi,1i=
1412 4910 1648 4961 iubereturtsei·

314 4996 336 5046 si
362 4992 469 5043 Tacitus
497 4995 534 5043 ita
562 4996 687 5056 scripsit,
718 4993 790 5058 quod
816 4992 963 5046 indubitata
999 4994 1060 5043 otiis
1076 4994 1186 5043 acaciae
1204 4998 1228 5042 et
1245 4992 1350 5043 sinteca
1367 4991 1506 5041 decimans
1523 4996 1645 5041 sectator.

315 5085 394 5124 nemo
422 5072 551 5124 sidemare
579 5079 683 5135 potest,
713 5078 770 5126 sine
797 5074 848 5124 uiia
876 5086 963 5135 repre·
999 5072 1073 5123 idem
1092 5072 1135 5123 iiie
1155 5079 1209 5133 est,
1239 5075 1285 5135 uui
1310 5071 1448 5122 incniium
1472 5068 1586 5121 lienem
1609 5076 1647 5119 to-

313 5153 443 5206 tensione
470 5152 570 5205 rettulit
597 5153 630 5203 ad
658 5152 811 5206 sciismnem
830 5154 900 5208 iilam
919 5166 963 5206 ro-
999 5158 1086 5218 gaium
1110 5152 1298 5216 appeiiiuiat,
1325 5150 1467 5204 Piniarcno
1485 5152 1645 5202 memorante
