3700 5880
600 457 719 521 nisan
746 456 817 535 ιιιι.
862 457 993 541 cape.
1018 459 1049 521 s.
1074 457 1105 520 ιι.
1458 456 1520 523 aaa

186 622 219 680 et
239 613 404 681 consensui
426 614 578 702 imparem
599 618 776 702 respoudit,
807 614 951 702 opperiri
979 616 1062 680 inira
1082 613 1230 701 palatium
1251 613 1351 685 iubet.
1376 613 1445 702 ipse
1467 635 1522 681 eu·

185 726 265 793 riam
286 728 477 813 ingreditur,
502 750 721 815 summamque
744 750 810 794 rem
832 729 989 812 publicam
1011 731 1060 813 agi
1083 725 1243 795 obtestans
1258 729 1380 795 veniam
1397 729 1523 795 dicendi

185 851 257 907 anta
279 841 357 908 alios
379 842 536 930 exposcit,
558 842 744 930 orditurque
767 840 967 926 gravissimos
989 835 1140 928 principis
1157 840 1299 920 labores,
1324 845 1395 928 quis
1410 847 1521 909 orbem

110 987 114 993 ·
186 963 291 1021 terrae
312 965 471 1040 capessat,
495 976 588 1041 egere
610 954 823 1032 adminiculis,
848 964 883 1021 ui
896 954 1066 1022 domestica
1080 977 1156 1022 cara
1170 977 1287 1025 vacuus
1307 957 1340 1023 ia
1356 976 1522 1023 commone

185 1067 336 1135 consulat.
357 1071 443 1154 qaod
465 1089 561 1153 porro
583 1069 745 1135 honestius
768 1069 929 1135 censoriae
950 1070 1063 1135 mentis
1084 1068 1294 1135 levamentum
1318 1090 1411 1155 quam
1434 1085 1547 1137 assu-t

185 1201 275 1247 mere
304 1184 485 1265 coniugem,
519 1184 681 1268 prosperis
709 1184 876 1268 dubiisque
907 1183 1041 1258 sociam,
1076 1184 1127 1248 cui
1150 1182 1356 1268 cogitationes
1378 1185 1521 1261 intimas,

186 1296 238 1360 cui
259 1314 374 1381 parvos
394 1293 513 1361 liberos
534 1293 653 1372 medat,
689 1316 752 1362 non
780 1295 870 1361 luxui
901 1305 954 1361 aut
979 1294 1191 1382 voluptatibus
1212 1295 1428 1374 adsuefactus,
1467 1295 1525 1363 aed

186 1409 240 1493 qni
262 1407 363 1494 prima
384 1412 425 1474 ab
447 1408 575 1475 iuventa
595 1406 719 1492 legibus
739 1407 1030 1494 obtemperavisset.
1075 1406 1305 1496 (iilpostqnam
1328 1412 1409 1477 baec
1436 1407 1525 1476 [ιιο-

185 1519 280 1587 rabili
301 1520 445 1587 oratione
465 1525 626 1609 praemisit
648 1521 807 1607 multaque
835 1530 960 1607 patrum
990 1527 1158 1589 assentatio
1187 1521 1394 1608 sequebatur,
1431 1532 1523 1610 capto

185 1654 297 1700 rursus
321 1634 429 1712 initio,
463 1634 590 1722 quando
618 1637 825 1701 maritandum
858 1634 1032 1723 principem
1064 1636 1167 1702 cuncti
1200 1635 1389 1713 suaderent,
1428 1635 1558 1723 deligito
1622 1624 1627 1637 '

84 1819 86 1822 ,
186 1758 335 1835 oportere
363 1747 511 1814 seminam
544 1746 706 1815 nobilitate
736 1748 913 1835 puerperiis
942 1747 1149 1815 sanctimonia
1176 1748 1343 1834 insignem.
1378 1769 1438 1815 nec
1470 1748 1525 1814 diu

185 1860 414 1949 anquirendum
448 1861 522 1949 quin
554 1860 727 1949 Agrippina
748 1860 933 1927 claritudine
955 1863 1079 1947 generis
1110 1865 1258 1928 anteiret:
1296 1861 1403 1929 datum
1426 1860 1465 1927 ab
1487 1883 1525 1928 ea

183 1972 383 2040 fecunditatis
413 1976 682 2060 experimentum,
718 1982 750 2039 ei
779 1995 955 2059 congruere
983 1984 1067 2041 artes
1096 1976 1255 2043 honestas.
1278 1975 1311 2041 id
1333 1995 1410 2042 vero
1434 1996 1524 2061 egre·

184 2087 291 2173 mum,
329 2089 415 2173 quod
445 2086 574 2173 provisu
603 2090 697 2153 deum
720 2086 815 2153 sidua
837 2090 1022 2171 iungeretur
1043 2087 1178 2174 principi
1200 2110 1257 2156 sua
1278 2097 1398 2155 tantum
1420 2087 1527 2155 matri·

184 2202 292 2265 monia
323 2208 468 2284 experto.
514 2199 671 2266 audivisse
703 2222 722 2265 a
755 2203 952 2284 parentibus,
986 2200 1102 2268 vidisse
1138 2204 1224 2289 ipsos
1253 2204 1351 2287 arripi
1375 2203 1564 2287 coningesis

183 2311 224 2378 ad
253 2312 342 2378 libita
375 2314 559 2380 Caesarum:
597 2312 709 2398 procul
741 2313 773 2378 id
801 2335 820 2380 a
848 2316 1003 2400 praesenti
1028 2317 1193 2382 modestia.
1217 2322 1408 2383 statueretur
1429 2318 1527 2382 immo

255 2524 281 2573 1.
302 2523 390 2575 Habet
415 2526 548 2575 consensui
573 2525 620 2577 Μ.
651 2539 703 2575 nnn
735 2537 859 2575 consensu
882 2524 985 2576 Puteol.
1017 2548 1049 2563 -·
1068 2526 1095 2576 2.
1116 2539 1303 2591 summamque.
1325 2525 1357 2577 ii.
1378 2518 1450 2587 (eum
1468 2522 1527 2592 lin.)

183 2592 215 2645 P.
235 2596 291 2654 bi..
311 2597 382 2645 unde
400 2609 577 2658 summamque
593 2596 766 2659 reipublicae
785 2593 871 2645 Gueti.
891 2596 959 2646 iidd.
979 2603 1043 2647 reti.
1073 2623 1103 2636 -
1132 2596 1159 2647 l.
1179 2606 1299 2659 capescat
1317 2610 1357 2659 pr.
1377 2598 1414 2648 Μ.
1445 2622 1473 2635 -
1499 2598 1526 2650 5.

184 2664 358 2715 levamentum
377 2679 455 2729 quam
474 2666 599 2717 Petersen
619 2662 659 2728 (ut
678 2673 708 2725 t,
736 2665 762 2715 8.
783 2666 826 2715 17.
846 2666 890 2715 do.
910 2666 943 2724 3.
963 2665 1006 2715 28.
1027 2672 1054 2718 et
1070 2667 1122 2717 ai:
1150 2670 1276 2718 uxorium
1294 2668 1478 2717 levamentum.
1499 2667 1526 2723 l,

183 2734 228 2784 ed.
250 2736 317 2785 ilist-
337 2738 369 2797 2,
397 2734 468 2796 till:
498 2737 614 2786 leuamen
636 2751 753 2800 unquam
776 2737 804 2787 Μ
829 2738 891 2797 (non
918 2737 1037 2786 leuamen
1061 2752 1180 2801 unquam
1198 2743 1241 2798 et,
1269 2744 1298 2788 ut
1316 2746 1436 2789 narretur
1455 2739 1527 2803 apud

183 2805 246 2863 R),
266 2808 384 2855 leuamen
402 2821 482 2871 quam
501 2808 553 2864 ii..
580 2820 648 2870 quae
668 2807 749 2857 torma
768 2808 830 2857 aiibi
850 2807 921 2867 apud
942 2808 1063 2858 Tacitum
1083 2821 1135 2859 non
1156 2811 1297 2871 reperitur.
1330 2832 1362 2845 -
1392 2807 1418 2859 d.
1442 2811 1529 2863 tiebet

183 2874 323 2940 dubiisque
340 2876 385 2935 bl,
414 2890 467 2927 non
487 2877 573 2927 dubiis
593 2875 680 2928 Guelt.
712 2902 739 2912 -
768 2877 1055 2935 alienaturum,
1088 2892 1140 2928 non
1159 2879 1225 2928 lucu
1244 2877 1329 2929 Oion.
1355 2905 1384 2917 -
1403 2880 1460 2929 ads.
1480 2878 1525 2929 bl:

183 2958 239 2995 oss.
260 2946 291 2996 b.
312 2949 406 2996 -12,
429 2949 516 2998 tiabat
532 2950 724 3013 anquirendum
740 2948 787 3010 tit,
808 2961 861 2999 non
879 2950 1064 3012 inquirendum
1082 2948 1169 3002 (iusti.
1191 2949 1260 3000 Bud.
1281 2948 1354 3000 Heri.
1374 2948 1450 3001 lindi.
1464 2948 1525 3000 Vei.

183 3017 255 3069 Edd.
275 3025 336 3070 ente
355 3017 508 3071 Plebensrn.
559 3012 566 3027 '
1535 3016 1537 3021 ’

183 3215 279 3273 usque
298 3223 397 3261 annum
416 3211 452 3262 ibt
478 3215 629 3265 exstinctus.
666 3211 737 3263 llutc
755 3211 838 3265 Vera·
874 3210 995 3271 Claudia,
1008 3218 1073 3265 tunc
1085 3213 1197 3271 ransart,
1215 3211 1335 3264 adulator
1347 3211 1440 3263 tribuit
1454 3224 1537 3264 men·-

181 3293 230 3341 nto
257 3290 415 3343 Onoesnder
438 3306 460 3341 ι.
485 3293 641 3345 onerandas
661 3292 835 3357 Strategicum
875 3299 945 3350 tem,
967 3293 994 3342 td
1014 3301 1070 3355 est,
1099 3298 1225 3357 grauitate
1244 3297 1373 3357 insignem
1397 3296 1528 3345 masimis-

183 3383 261 3421 suum
281 3374 423 3434 inscripsit.
444 3372 531 3424 chn.
557 3372 833 3433 Cir.l)iodil,dt·-
874 3387 926 3436 que
945 3386 1050 3436 semper
1072 3376 1142 3424 euris
1162 3382 1328 3434 occupatam.
1359 3372 1429 3423 Ptin.
1456 3373 1526 3436 Epp.

181 3450 326 3516 deductae]
358 3454 493 3505 Memento
520 3457 672 3515 nuptiarum
698 3453 740 3504 die
769 3452 836 3503 laeta
873 3453 904 3512 3,
923 3452 973 3503 2οε
992 3454 1122 3504 Audiebat
1134 3458 1240 3503 smatus
1251 3455 1385 3519 pravitate
1397 3456 1526 3504 censoria.

182 3544 281 3595 pompe
313 3532 453 3584 deductam
481 3547 604 3595 sponsam
629 3536 655 3584 tn
680 3536 769 3595 sponsi
791 3532 836 3583 do·
907 3532 934 3582 θ.
963 3534 1171 3596 anquirendum,
1191 3530 1265 3597 quin]
1296 3534 1389 3585 eedem
1409 3540 1526 3594 constr,

182 3610 470 3677 mum-incestum]
490 3614 615 3665 Claudius
633 3614 703 3666 baud
723 3617 780 3666 erat
798 3615 836 3663 tn-
873 3625 925 3676 que
951 3613 1048 3665 dicitur
1075 3613 1216 3674 dubiem,
1247 3615 1321 3676 quin.
1359 3615 1461 3664 Sensus
1488 3621 1529 3665 est

183 3696 247 3745 tecti
273 3697 463 3755 superstitione
495 3699 586 3747 enimi.
634 3695 738 3755 immo,
781 3706 835 3755 quo
873 3695 961 3743 enim:
990 3707 1065 3745 acum
1085 3693 1353 3756 dubiterinequeat,
1375 3698 1441 3757 quin
1462 3700 1526 3755 een,

182 3779 272 3825 mente
286 3780 460 3835 commotior,
481 3789 512 3827 eo
527 3775 614 3838 paulin
628 3776 756 3829 infirmior
768 3787 835 3824 unus
874 3772 933 3822 ideo
952 3785 1040 3836 neque
1062 3773 1256 3836 anquirendum
1276 3786 1363 3824 esse.»
1384 3798 1412 3810 -
1433 3771 1526 3837 uidua]

183 3853 347 3913 muitarum,
376 3869 407 3907 ec
432 3858 648 3915 superstitiosior.
697 3853 834 3916 liceatque
874 3852 962 3903 Vidua
987 3854 1151 3917 Agrippina,
1184 3860 1288 3904 mortuo
1307 3853 1451 3904 subinttio
1476 3856 1528 3903 im-

183 3932 212 3983 ld
226 3934 306 3985 etiem
320 3933 394 3986 Suet.
408 3933 447 3984 cl.
458 3935 501 3984 22.
512 3934 623 3997 Semper
635 3942 723 3985 autem
736 3936 833 3983 inceste
872 3935 938 3994 perit
957 3932 1095 3983 Claudiani
1114 3933 1206 3996 Crispe
1224 3932 1367 3995 Passieno,
1406 3936 1448 3983 cui
1467 3940 1528 3996 post

182 4015 210 4064 tn
231 4014 357 4077 prodigiis
375 4014 485 4076 habite,
517 4018 543 4065 tn
571 4014 709 4076 explendis
728 4019 754 4063 et
776 4025 834 4075 prc-
873 4013 1018 4063 Domitium
1037 4020 1171 4075 nupserat.
1192 4012 1268 4063 Lura.
1304 4012 1343 4065 lte
1361 4011 1411 4063 boe
1431 4013 1527 4075 Crispo

182 4093 327 4153 curandis,
348 4097 374 4145 in
388 4097 437 4157 its,
457 4095 554 4160 quibus
573 4098 638 4146 tram
657 4096 768 4146 deorum
787 4106 835 4156 pu·
873 4092 962 4143 Scbol.
982 4092 1075 4145 lusan.
1096 4092 1130 4154 l,
1149 4092 1204 4142 st:
1233 4093 1316 4155 periit
1331 4104 1381 4155 per
1403 4089 1527 4154 iraudsm

180 4173 276 4224 tabeat
294 4173 456 4227 denuntiari.
485 4175 575 4226 Gnon.
594 4200 628 4211 -
654 4168 833 4238 sperneretur]
871 4172 1050 4238 Aprippinae.
1082 4184 1164 4236 quam
1181 4171 1298 4223 wedam
1316 4171 1470 4234 reliquerat.
1492 4196 1522 4207 -

181 4267 233 4318 pro
252 4252 315 4305 ieris
328 4259 453 4307 momenti
466 4269 494 4308 re
507 4255 658 4308 baberetur.
679 4255 830 4306 Dumm-
872 4248 1017 4315 audiuisse]
1049 4252 1082 4303 de
1102 4251 1192 4313 Livia,
1226 4264 1306 4315 quem
1324 4249 1460 4318 Augustus
1479 4252 1523 4304 Ti.

180 4328 322 4399 imparem]
337 4338 485 4388 necessario
496 4351 524 4389 se
535 4336 834 4397 etstumeonsensuipa·
871 4332 970 4385 Neroni
990 4331 1160 4391 abduxisset:
1192 4332 1290 4383 uidisse
1308 4335 1428 4395 principe
1448 4330 1525 4384 Gaio.

181 4427 243 4467 rere
255 4413 364 4466 debere.
379 4439 411 4451 -
427 4427 606 4480 summamque
621 4429 676 4466 reru
689 4408 833 4479 publicam]
873 4412 949 4464 Suet.
969 4411 1025 4464 Cal.
1046 4411 1097 4462 itt:
1116 4411 1267 4463 Drusillam
1284 4424 1403 4463 sororem
1418 4410 1449 4460 b.
1465 4411 1526 4462 Cae

182 4493 284 4558 ratpert
302 4507 390 4548 errore
408 4497 492 4560 reip.
523 4496 587 4549 Cod.
610 4495 698 4547 Guett.
718 4500 743 4547 ei
763 4493 833 4545 lidd·
871 4493 911 4543 sic
927 4493 1049 4557 lonpino
1074 4491 1207 4542 eonsulmi
1233 4491 1389 4544 eolmcatnm
1412 4490 1525 4542 abduxit

184 4582 246 4625 ente
258 4573 340 4639 ityelt.
356 4574 477 4637 Optimus
491 4578 620 4638 interpres
639 4576 715 4628 Suet.
729 4575 770 4627 Gi.
783 4573 833 4624 tiis
871 4578 896 4623 et
914 4573 941 4622 in
958 4572 1066 4623 modum
1082 4574 1169 4623 iustae
1193 4574 1286 4623 uaeris
1307 4571 1451 4635 propalam
1478 4570 1524 4619 ia·

183 4653 312 4705 dtamen
323 4655 489 4720 tpnpptnac
501 4669 551 4720 per
568 4658 610 4706 ius
627 4655 708 4705 osculi
724 4662 748 4705 et
762 4653 835 4703 bian-
871 4651 937 4702 buit.
974 4652 1015 4703 ld.
1035 4652 1089 4702 25ι
1121 4650 1226 4701 bivium
1245 4651 1412 4705 Orestillam,
1432 4650 1461 4699 C.
1479 4648 1525 4698 Pi·

185 4733 315 4784 ditiarum
341 4736 489 4786 occasiones
512 4736 638 4799 petierint
660 4736 689 4784 in
718 4746 835 4784 amorem
872 4734 930 4783 soni
947 4733 1104 4792 nubentem,
1136 4745 1194 4782 cum
1211 4732 1247 4783 cd
1267 4731 1379 4795 officium
1404 4729 1522 4788 oenusst,

181 4812 339 4865 subornauit
363 4816 394 4864 in
413 4816 537 4879 proximo
556 4820 662 4868 senatu.
690 4814 736 4876 qui
754 4825 834 4863 cense-
871 4813 907 4862 ad
924 4825 951 4864 se
968 4813 1063 4863 deduci
1089 4812 1248 4875 imperauit.
1280 4810 1403 4871 intraque
1424 4820 1525 4871 paucos

182 4900 244 4945 rent
262 4893 409 4958 rependum
432 4909 458 4947 ss
476 4896 512 4945 ad
529 4895 675 4947 ducendam
695 4905 753 4942 sam
769 4906 835 4943 aaa·
871 4893 927 4942 dies
943 4893 1113 4954 repudiatam
1135 4890 1240 4940 biennio
1255 4892 1317 4950 post
1335 4886 1470 4952 rsupeuit.
1491 4910 1523 4924 -

182 4986 254 5036 rem,
282 4976 359 5040 mast
376 4975 550 5039 reipublicae
568 4977 683 5027 mamma
701 4973 835 5023 interesset
871 4968 1042 5035 statueretur]
1061 4971 1120 5022 iton
1139 4982 1229 5021 omnes
1243 4972 1400 5028 interpretes
1414 4965 1523 5021 Germa·

184 5062 237 5106 eet.
257 5078 289 5092 -
320 5054 451 5120 capessat]
477 5061 506 5106 ut
523 5056 572 5113 11,
592 5054 657 5115 3t.,
677 5053 834 5116 compiecte-
872 5044 929 5103 nicl
955 5057 1163 5116 perspexerunt,
1192 5046 1243 5098 boc
1270 5049 1417 5106 imperativi
1443 5061 1524 5101 sensu

185 5143 227 5189 tur
245 5145 328 5200 etque
346 5141 431 5189 curei-
451 5157 485 5176 ·-
502 5131 651 5198 emsorlas]
683 5133 834 5191 Camertem
872 5134 940 5203 dict;
959 5132 1007 5184 sed
1026 5132 1093 5184 mele
1112 5126 1231 5181 nonnulli
1245 5132 1368 5179 vertunt:
1387 5128 1529 5205 Bsudrde·

230 5229 336 5284 Tacitus.
353 5229 374 5282 1.
1225 5224 1268 5288 Ἡ·
