3700 5880
594 489 715 556 bistili
733 488 791 553 xi.
834 487 1010 554 Excunsus
1031 482 1057 553 l.
1078 483 1119 549 il.
1464 478 1531 544 w

188 652 286 713 uror.
307 649 514 710 neesson.
536 646 760 723 prosimus.
781 644 847 705 nx.
869 635 1525 712 rrs.rortrrevs.n1m8.srnuvan.

188 735 441 798 resurcrevs,
463 734 620 809 sorau.
642 733 813 791 simeon.
836 726 1107 809 noveramus.
1123 723 1447 800 orrevscvrrovu.
1462 722 1531 781 cv-

190 822 389 883 naronns.
419 819 629 893 torreves.
659 816 942 876 renuissemr.
973 812 1291 885 rean'rneovnm.
1317 808 1440 867 nora.
1460 808 1533 867 cr..

190 910 346 979 mono)
367 906 563 967 macutus.
584 903 744 965 stenar.
765 902 864 960 nvu.
885 899 1033 975 unove.
1055 896 1224 957 rvrnvs.
1244 896 1391 971 unove.
1407 893 1532 952 roua-

189 994 288 1054 ΜΕΝ.
307 992 465 1051 novini.
487 990 595 1050 rmr.
615 987 719 1050 erus,
739 987 832 1047 uic.
853 985 975 1046 cnon.
994 984 1182 1043 umrnvir.
1206 980 1414 1041 noceres.

189 1201 225 1273 ⁸⁸)
244 1206 387 1259 Frontinus
405 1205 436 1259 c.
455 1204 508 1258 θῦε
526 1205 575 1257 Est
587 1206 675 1257 cotem
686 1200 752 1255 rolin
763 1198 885 1254 modulos
894 1212 1001 1266 nomos,
1021 1196 1068 1265 oroi
1078 1197 1137 1248 rioo
1150 1194 1190 1249 ort
1201 1193 1310 1248 eutelio
1320 1193 1450 1247 toruior.

760 1377 973 1394 Μ

547 1569 751 1639 iiiictiiistis
773 1570 814 1633 ΙΙ.
838 1570 890 1634 ΑΙ)
914 1567 1039 1634 elidi
1059 1566 1175 1631 xxiii.

349 1684 503 1752 emunit
517 1681 774 1742 impermotus
793 1680 997 1740 orationis
1016 1680 1117 1750 Quin
1137 1675 1364 1737 summitur.

765 1784 912 1845 insuia
930 1786 954 1842 l.

190 1907 257 1951 mee
283 1907 382 1950 rerum
405 1891 486 1945 nostr
506 1926 514 1946 .
537 1926 546 1944 .
569 1928 577 1945 .
599 1927 606 1944 .
626 1887 662 1944 sii
684 1924 908 1945 ........
927 1885 1072 1958 Equidem
1085 1885 1206 1959 primam
1221 1884 1347 1942 omnium
1361 1885 1440 1945 iilam
1454 1883 1532 1956 cogi·

189 1979 330 2037 tationem
351 1975 517 2040 bominum,
539 1989 626 2047 qoam
646 1973 772 2030 maxime
784 1972 906 2044 primam
919 1986 1103 2027 occursuram
1116 1969 1186 2027 mibi
1201 1966 1357 2043 provideo,
1378 1971 1529 2044 deprecor,

189 2079 228 2121 ne
259 2062 341 2135 quasi
370 2076 473 2118 norem
501 2060 585 2117 isium
609 2075 669 2115 rem
695 2057 837 2116 introduci
863 2056 1093 2125 exhorrescatis,
1125 2056 1178 2113 sed
1200 2055 1250 2113 ilia
1268 2057 1363 2128 potius
1385 2057 1531 2131 cogitetis,

189 2163 276 2222 quem
309 2149 399 2205 multe
430 2150 460 2206 in
489 2148 543 2206 bac
567 2149 680 2205 civitate
710 2151 816 2205 novata
835 2148 908 2217 sint,
942 2151 970 2203 et
994 2147 1110 2219 quidem
1133 2146 1230 2205 statim
1254 2147 1291 2203 ab
1315 2147 1427 2218 origine
1452 2148 1531 2205 urbis

189 2237 306 2291 nostrae
334 2234 363 2289 iu
398 2238 468 2307 quot
503 2237 609 2292 turmas
641 2236 790 2306 statusque
822 2249 869 2289 res
894 2232 1012 2307 publice
1037 2235 1135 2288 nostra
1156 2232 1272 2288 diducto
1292 2232 1339 2289 sit.
1379 2232 1534 2303 Quondam

189 2332 273 2390 reges
297 2317 372 2375 bauo
403 2322 521 2376 tenuere
547 2320 666 2383 urbem;
698 2334 752 2375 nec
776 2322 871 2374 tamen
899 2317 1063 2373 domesticis
1090 2317 1303 2374 successoribus
1327 2333 1392 2375 eam
1418 2319 1532 2377 tradere

189 2404 319 2463 eouiirii.
360 2404 561 2477 Supervenere
587 2404 674 2461 alicui
698 2409 726 2460 ei
749 2404 866 2478 quidam
885 2404 1021 2471 externi,
1052 2404 1083 2458 ut
1103 2402 1194 2459 Numa
1215 2403 1336 2460 Romulo
1359 2403 1537 2474 suceesserii,

189 2506 227 2547 ex
248 2489 363 2546 Sabinis
383 2491 520 2559 veniens,
541 2490 653 2547 vicinus
677 2490 792 2563 quidem
815 2489 868 2546 sed
890 2492 956 2544 tuuc
973 2492 1126 2553 externum
1147 2492 1177 2544 ut
1199 2490 1281 2546 Anco
1294 2489 1403 2547 biarcio
1416 2486 1533 2547 Priscus

190 2575 381 2648 Tarquinium
397 2577 415 2648 ¹)
437 2579 556 2649 propter
585 2578 756 2632 temeratum
783 2573 969 2644 sanguinem,
1003 2573 1078 2646 qnod
1104 2576 1186 2645 petro
1206 2574 1360 2631 Demarato
1383 2572 1532 2633 Corinthio

189 2667 275 2717 natus
298 2665 361 2717 erat
389 2665 418 2718 et
442 2660 647 2733 Tarquiniensi
671 2663 762 2718 maire
794 2675 935 2729 generosa
957 2658 1009 2715 sed
1034 2658 1113 2732 inopi
1141 2688 1178 2701 -
1208 2661 1240 2714 ut
1261 2675 1335 2731 quae
1357 2660 1408 2717 tali
1429 2660 1532 2718 marito

189 2761 311 2802 necesse
332 2745 465 2803 habuerit
486 2747 673 2803 succumbere
702 2775 734 2785 —-
761 2761 825 2800 eum
850 2744 928 2800 domi
949 2744 1137 2815 repelleretur
1159 2758 1176 2800 u
1200 2745 1335 2813 gerendis
1361 2744 1531 2817 bonoribus,

190 2835 343 2906 postquam
366 2831 486 2888 Romam
508 2831 657 2901 migrarit,
689 2845 810 2898 mgnum
833 2831 953 2900 adeptus
979 2832 1031 2885 est.
1070 2828 1146 2885 Huic
1168 2845 1282 2902 quoque
1305 2834 1335 2885 et
1357 2829 1417 2888 bilo
1440 2846 1531 2904 nepo·

189 2919 248 2975 tire
273 2917 335 2973 eius
355 2932 478 2973 -nam
504 2920 534 2972 et
557 2917 611 2972 boc
632 2916 709 2972 inter
731 2919 863 2972 auctores
887 2915 1033 2985 discrepet
1059 2939 1095 2952 -
1115 2915 1240 2970 insertus
1265 2914 1383 2973 Servius
1407 2916 1533 2986 Tullius,

188 3000 215 3060 si
242 3007 355 3060 nostros
378 3002 544 3075 sequimur,
566 3002 678 3074 captive
703 3005 786 3058 natus
810 2999 946 3066 Ocresia3
966 3000 990 3056 si
1012 3000 1138 3070 Tuscos,
1161 3000 1244 3057 Caeli
1261 3001 1406 3074 quondam
1425 3001 1531 3058 Viven-

189 3104 246 3146 nae
276 3088 385 3144 sodalis
409 3087 594 3143 fidelissimus
619 3087 769 3161 omnisque
792 3087 854 3142 eius
881 3101 965 3141 casus
988 3100 1095 3142 comcs.
1136 3086 1291 3159 Postquam
1314 3085 1395 3143 varie
1418 3087 1532 3143 ioriuun

189 3178 310 3232 exactus
331 3189 396 3229 cnm
423 3174 555 3229 omnibus
572 3172 702 3244 reliquiis
724 3172 855 3229 Caeliani
875 3171 1017 3227 exercitus
1031 3171 1145 3228 Etruria
1160 3172 1296 3237 excessit,
1319 3176 1447 3229 montem
1460 3170 1533 3229 Cae·

188 3261 261 3317 ilum
280 3258 432 3330 occupavit
455 3262 484 3313 et
502 3273 520 3315 e
543 3258 616 3314 duce
635 3275 687 3315 suo
707 3258 807 3315 Caelio
827 3258 866 3314 iia
880 3258 1080 3328 appellitatus,
1102 3260 1269 3329 mutatoque
1283 3257 1402 3314 nomine
1414 3287 1449 3302 -
1465 3272 1533 3314 uem

189 3347 285 3404 Tusce
306 3344 453 3402 Masiarua
472 3343 499 3399 ei
524 3359 630 3400 nomeu
652 3347 715 3399 orat
734 3372 770 3385 -
790 3344 828 3399 ita
842 3343 1005 3414 eppeiiaius
1019 3345 1079 3412 est,
1102 3347 1132 3398 ut
1145 3342 1222 3410 diri,
1243 3347 1272 3398 ot
1284 3358 1407 3414 reguum
1421 3358 1532 3400 summa

188 3447 255 3490 cum
283 3428 325 3485 rei
348 3446 377 3502 p.
401 3428 460 3503 (sic)
482 3428 602 3486 uiiiiiaie
622 3428 754 3500 optinuit.
774 3426 832 3501 (ric)
847 3428 959 3485 Deinde
973 3432 1124 3501 postquam
1139 3427 1288 3499 Tarquinii
1302 3428 1533 3504 Superbimorcs

188 3515 277 3573 invisi
302 3514 410 3571 civitati
433 3518 548 3571 nostrae
569 3530 633 3571 esse
657 3518 815 3586 coeperunt
831 3529 887 3587 qua
908 3514 998 3586 ipsius
1019 3528 1075 3587 qua
1096 3513 1219 3570 illiorum
1240 3516 1320 3587 eius,
1341 3531 1446 3588 nempe
1467 3531 1533 3587 per·

190 3606 304 3659 mesum
337 3604 382 3657 esi
414 3603 527 3657 menies
551 3600 684 3670 regulet
709 3601 745 3656 ad
772 3600 926 3669 consoles,
957 3614 1069 3655 annuos
1091 3598 1292 3672 magistratus,
1325 3602 1533 3663 administratio

189 3686 264 3758 reip.
297 3684 357 3757 (rici
387 3688 526 3742 translate
547 3689 603 3743 est.
643 3684 718 3753 Quid
738 3702 815 3742 nuuc
833 3700 1055 3742 commemorem
1079 3684 1240 3743 dictaturas
1261 3685 1315 3744 boc
1338 3689 1401 3762 ipso
1428 3704 1534 3749 consu·

190 3773 245 3831 leri
278 3771 430 3842 imperium
458 3772 599 3828 valentius
628 3776 772 3843 repertum
799 3770 876 3844 apud
900 3770 1023 3827 maiores
1044 3774 1178 3841 nostros,
1212 3788 1269 3845 quo
1286 3773 1316 3833 iu
1335 3773 1533 3846 asperioribus

189 3858 280 3916 bellis
311 3861 360 3913 aut
388 3858 417 3913 io
445 3857 524 3914 civili
541 3862 621 3914 motu
643 3858 802 3914 diiiiciliorr
825 3858 989 3922 stercutum
1022 3860 1070 3912 aui
1094 3857 1125 3912 in
1147 3858 1288 3917 auxilium
1307 3857 1402 3932 piebis
1420 3864 1535 3919 creatos

191 3943 325 4001 tribunos
346 3943 463 4013 plebeii
495 3942 569 4012 Quid
600 3942 807 4000 aoousoiibus
829 3943 866 3998 ad
890 3940 1070 3999 decemviros
1091 3943 1262 4000 translatum
1282 3944 1434 4017 imperium
1454 3946 1536 4004 solu·

190 4034 277 4102 ioque
296 4032 396 4103 postea
419 4028 604 4084 decemuirali
627 4044 717 4098 reguo
740 4028 776 4082 ad
798 4027 930 4083 consules
950 4042 1049 4083 rursus
1074 4027 1217 4083 reditum?
1247 4028 1321 4097 Quid
1342 4030 1419 4088 inter
1440 4031 1537 4107 pierio

191 4115 377 4172 distributum
406 4116 558 4170 consulare
589 4113 740 4185 imperium
772 4113 952 4183 tribunosque
981 4112 1103 4168 millium
1121 4114 1268 4170 consulari
1287 4115 1410 4187 imperio
1433 4117 1534 4189 eppei-

190 4203 285 4271 latos,
305 4201 353 4274 qui
376 4200 439 4255 seni
461 4202 491 4254 et
513 4213 602 4269 saepe
625 4198 719 4255 octoni
740 4197 929 4256 crearentur?
956 4195 1030 4265 Quid
1051 4198 1277 4256 communicatos
1300 4205 1445 4274 postremo
1467 4219 1532 4262 eum

191 4288 279 4362 plebe
302 4286 427 4342 ironores
452 4300 509 4339 non
532 4283 633 4356 imperi
663 4283 722 4356 (rio)
742 4284 836 4339 solum
856 4284 908 4339 sed
932 4281 1157 4339 sacerdotiorum
1176 4285 1311 4358 quoque?
1330 4287 1392 4344 Iam
1414 4288 1439 4345 si
1466 4302 1531 4345 nar-

190 4388 254 4429 rem
274 4373 364 4441 bella,
386 4369 520 4443 aquibus
540 4370 687 4442 coeperint
707 4369 832 4425 maiores
856 4370 944 4424 nostri
965 4370 993 4423 et
1013 4384 1069 4441 quo
1089 4371 1330 4442 processerimus,
1351 4388 1470 4444 vereor,
1495 4388 1532 4430 ne

192 4458 278 4514 nimis
308 4457 477 4513 insolentior
507 4470 572 4511 esse
599 4455 702 4511 ridear
727 4459 756 4511 et
783 4454 934 4528 omisso
959 4453 1143 4510 ieotetionem
1165 4456 1275 4525 gloriae
1294 4459 1399 4530 prolati
1417 4457 1531 4531 imperii

193 4542 253 4618 iric)
276 4544 348 4599 ultre
368 4541 526 4599 Oceanum.
567 4539 626 4598 Sed
644 4540 714 4597 illuc
734 4543 830 4613 potius
849 4543 993 4609 revertam
1014 4540 1157 4599 civitatem
1179 4541 1190 4563 '
1211 4541 1222 4563 '
1244 4542 1255 4564 ·

756 4681 904 4739 Taedia
922 4680 961 4738 ii.

193 4815 482 4836 ..........
512 4792 583 4833 seue
744 4774 1531 4847 novo....diresiiu3....onom-,ius

192 4868 222 4921 et
254 4866 373 4935 patruos
409 4862 453 4919 Ti.
477 4862 582 4920 Caesar
616 4876 731 4917 omnem
764 4861 863 4918 liorem
896 4861 1004 4935 ubique
1036 4862 1211 4918 coloniarum
1245 4876 1278 4917 ec
1310 4858 1530 4933 municipiorum

192 4950 334 5007 bonorum
361 4948 474 5005 scilicet
499 4950 622 5005 virorum
643 4952 672 5005 et
691 4948 876 5018 locupletium
895 4946 925 5003 iu
944 4947 999 5005 bac
1018 4947 1098 5003 curia
1117 4961 1182 5004 esse
1201 4945 1303 5004 voluit.
1344 4942 1419 5013 Quid
1440 4946 1530 5021 ergo?

262 5134 423 5222 ¹i1‘ortrrse
441 5166 501 5223 poet
519 5159 618 5212 litteras
636 5155 710 5218 its,
730 5167 799 5223 ques
817 5163 878 5208 sont
896 5159 923 5209 in
941 5169 1031 5214 rursus
1049 5159 1122 5220 dne,
1140 5153 1237 5215 erudio
1254 5150 1310 5215 iis,
