3700 5880
317 407 384 507 aas
464 444 473 463 ·
695 434 906 525 ¹cotuttstut
926 435 1060 505 usum
1080 438 1290 505 sudantur

318 601 461 668 consulto
489 605 614 667 sauctus
646 595 796 665 abolitam
824 598 1034 671 demonstrat,
1071 607 1155 673 tum,
1191 600 1343 686 quicquid
1373 599 1492 665 avitum
1524 602 1660 665 Neroni·

318 714 377 781 bus
404 721 437 781 et
463 716 589 790 Drusis,
626 717 659 780 in
685 710 822 800 pretium
853 710 964 799 probri
995 714 1136 778 cessisse.
1176 712 1402 799 incensumque
1428 719 1462 777 et
1489 712 1530 777 ad
1557 713 1659 778 misas

316 837 534 916 erumpentem
556 824 666 892 castris
687 823 799 901 iniert,
827 833 939 909 parata
960 824 1107 891 contione
1129 824 1280 903 militum3
1308 823 1391 912 apud
1414 845 1493 912 quos
1514 844 1660 912 praemo-

316 949 412 1008 nente
434 940 577 1007 Narcisso
597 959 698 1025 pauca
718 941 817 1004 verba
838 936 930 1003 lecit:
968 958 1041 1004 nam
1072 938 1131 1005 etsi
1157 942 1273 1006 iustum
1301 938 1444 1006 dolorem
1468 937 1573 1027 pudor
1599 938 1660 1004 im·

294 1056 472 1143 spediebat.
499 1054 667 1120 continuus
689 1050 803 1118 debinc
826 1049 1004 1117 cohortium
1033 1054 1154 1119 clamor
1180 1052 1308 1118 nomina
1336 1071 1465 1119 reorum
1486 1058 1519 1117 et
1539 1072 1661 1139 poenas

315 1165 539 1253 flagitantium
573 1169 781 1251 admotusque
809 1164 904 1231 Silius
933 1164 1081 1232 tribunali
1105 1188 1174 1243 nou
1202 1165 1431 1242 defensionem,
1465 1186 1531 1232 non
1552 1186 1662 1233 moras·

315 1281 461 1356 tentarit,
494 1287 654 1366 precatus,
687 1287 722 1345 ut
750 1297 836 1343 mors
862 1277 1101 1346 acceleraretur.
1139 1285 1249 1347 eadem
1268 1279 1443 1347 constantia
1467 1288 1500 1346 et
1520 1278 1658 1347 illustres

315 1392 437 1480 equites
463 1396 624 1463 Romanos
653 1392 785 1478 cupidos'
811 1400 953 1458 maturae
980 1394 1068 1458 necis
1097 1392 1180 1460 lecit.
1214 1394 1332 1461 Titium
1360 1393 1528 1460 Proculam
1554 1402 1659 1459 custu-

317 1510 388 1572 dem
410 1527 429 1571 a
451 1506 528 1572 Silio
549 1504 734 1572 Messalinae
756 1502 881 1585 datum,
915 1513 946 1570 et
974 1505 1124 1572 indicium
1146 1506 1349 1581 ollcrentem,
1382 1511 1523 1574 Vettium
1544 1509 1660 1574 Valen-

276 1629 382 1687 satem
414 1617 592 1685 contessum
627 1627 659 1684 et
691 1619 880 1702 Pompeium
920 1621 1069 1685 Urbicum
1100 1641 1136 1689 ac
1167 1619 1328 1687 Saufeium
1357 1624 1497 1706 Trogum
1523 1640 1564 1686 ex
1586 1639 1660 1686 cou-

316 1732 389 1801 sciis
410 1735 492 1799 madi
513 1735 555 1799 ad
582 1731 768 1819 supplicium
795 1731 894 1798 iubet
938 1734 1071 1799 Decrius
1104 1754 1231 1822 quoque
1266 1735 1495 1820 Calpurnianus
1526 1732 1656 1818 vigilum

315 1844 511 1934 praelectus,
546 1845 702 1933 Sulpicius
722 1847 823 1911 liuius
844 1847 912 1911 ludi
934 1855 1140 1930 procuratur,
1175 1850 1289 1914 iuncus
1309 1849 1511 1933 t’ergittanes
1532 1854 1662 1911 senator

317 1958 427 2026 eadem
449 1979 551 2046 pocuu
573 1960 687 2025 allecti.
734 1957 797 2043 (36)
820 1960 907 2025 solus
928 1962 1067 2027 iluester
1094 1964 1323 2027 cunctationem
1354 1959 1475 2036 attulit,
1510 1958 1658 2025 dilaniata

316 2082 404 2139 reste
425 2073 587 2139 clamitans
609 2072 765 2156 aspiceret
790 2075 961 2139 rerberum
993 2082 1099 2149 nuiss,
1136 2076 1390 2141 reminisceretur
1417 2072 1505 2139 sucis
1534 2093 1595 2160 qua
1623 2093 1660 2137 se

277 2184 491 2253 ssobnuxium
513 2185 607 2252 iussis
628 2184 815 2251 Messalinae
839 2184 988 2251 dedisset.
1011 2164 1082 2251 aliis
1096 2188 1263 2273 largitione
1279 2197 1332 2253 aut
1347 2186 1414 2274 spei
1433 2185 1659 2272 magnitudine,

317 2298 378 2366 sibi
401 2322 443 2365 ex
464 2302 652 2365 necessitate
674 2298 813 2384 culpam3
847 2321 908 2365 neo
929 2299 1075 2388 cuiquam
1098 2309 1169 2366 ante
1191 2304 1389 2385 pereundum
1412 2298 1530 2376 luisse,
1562 2301 1588 2364 si
1611 2298 1662 2364 si-

386 2475 412 2525 1.
441 2472 562 2523 dubitem
588 2472 625 2521 Μ.
655 2471 797 2523 Correscre
825 2471 942 2523 Faernus
969 2478 995 2522 at
1022 2473 1178 2524 Cbtillettns.
1209 2500 1236 2510 -
1266 2469 1398 2541 2.ῥ11ιιι
1417 2471 1454 2522 tt.
1475 2496 1505 2508 -
1527 2470 1552 2520 3.
1574 2470 1662 2521 itabat

315 2550 488 2608 erumpentem
509 2544 555 2599 il:
573 2549 634 2592 aute
655 2542 804 2593 Ernesttum
825 2542 940 2594 edebant
959 2556 1018 2593 cnm
1037 2544 1141 2596 Putant.
1155 2552 1376 2607 prumsmpcratsm.
1392 2568 1424 2579 -
1438 2549 1509 2593 caet.
1525 2543 1568 2594 it:
1582 2555 1657 2591 susc.

315 2617 348 2667 lt.
371 2642 399 2654 -
421 2617 446 2665 5.
466 2615 606 2665 continuus
624 2613 716 2663 debinc
734 2614 881 2662 cohortium
897 2615 997 2663 ciumor
1015 2615 1076 2677 (buc
1093 2618 1197 2670 ordine)
1216 2615 1252 2664 Μ.
1272 2615 1341 2665 Auta
1361 2615 1422 2665 litu.
1443 2614 1588 2663 cohortium
1606 2613 1661 2661 riu-

314 2701 374 2737 mur
391 2686 483 2739 debinc
501 2687 656 2738 continuus.
683 2694 713 2735 ut
732 2683 820 2735 Gueii.
842 2684 909 2734 itud.
931 2686 1003 2736 tiarl.
1023 2687 1098 2737 liudi.
1119 2686 1171 2737 les.
1203 2710 1228 2721 -
1249 2697 1351 2747 pueuus
1368 2684 1406 2735 Μ.
1429 2707 1458 2720 ·-
1478 2684 1504 2734 ’1.
1525 2684 1661 2747 temptavit

315 2759 353 2809 Μ.
386 2783 412 2795 -
441 2751 538 2823 {acutus
556 2754 595 2805 st.
624 2779 655 2791 -
683 2755 710 2804 8.
731 2756 839 2804 romunt
867 2755 966 2820 cupido
993 2766 1096 2807 mutare
1119 2758 1189 2806 ruscis
1214 2753 1275 2817 fuit.
1295 2763 1320 2806 ct
1341 2756 1429 2806 titium
1454 2754 1492 2805 Μ.
1515 2754 1661 2805 iissrendata

316 2830 381 2883 itteo
410 2830 461 2878 latu
490 2830 516 2876 in
545 2827 639 2879 ceteris
667 2823 751 2875 Cudd.
779 2834 805 2875 et
824 2824 892 2877 Edd.
914 2835 976 2877 vett.
1010 2850 1037 2861 -
1069 2830 1155 2876 tiabet
1173 2827 1200 2876 Μ
1219 2827 1352 2876 ctsstudcm
1370 2840 1388 2874 u
1406 2824 1472 2874 Silio
1490 2824 1659 2883 Messalinus,

316 2913 389 2953 uon,
410 2907 439 2947 ut
458 2910 517 2947 cum
536 2896 605 2957 spir.
627 2904 687 2946 aute
718 2896 860 2947 Piciteuatn
892 2900 1020 2954 edebant.
1050 2899 1183 2948 custodem
1209 2896 1274 2946 sitio
1306 2911 1337 2947 uc
1367 2896 1535 2947 Massuiiuue.
1572 2919 1599 2931 -
1630 2894 1659 2944 a.

315 2971 429 3022 lissttust
460 2982 520 3021 cutu
552 2968 699 3029 Ssp'llcrtu.
731 2975 760 3016 ut
790 2979 830 3018 tv.
850 2973 874 3016 st
902 2968 1029 3016 iudicium
1058 2967 1206 3032 offerentem
1236 2968 1267 3017 ad
1288 2967 1403 3025 Titium,
1435 2981 1506 3021 uon.
1526 2965 1661 3026 utruigo,

315 3042 350 3093 ad
371 3040 487 3091 Vettium
507 3036 663 3089 reicrautur.
686 3063 715 3074 -
740 3036 853 3086 Vettium
872 3037 914 3086 bl:
942 3039 1056 3087 i'ectissm
1076 3041 1104 3088 li.
1128 3063 1153 3074 -
1180 3040 1222 3088 to.
1242 3036 1376 3098 Saufeium
1396 3037 1512 3098 Lipsius:
1534 3035 1663 3099 suuieium

315 3113 361 3168 Μ.
393 3114 418 3160 tu
439 3126 492 3174 quo
510 3109 613 3160 litterae
634 3111 644 3159 ι·
662 3115 689 3159 ιι
707 3108 715 3157 i
734 3116 796 3158 suut
815 3106 978 3165 stmsittmae;
1007 3108 1153 3172 Scaptium
1171 3108 1201 3157 tt.
1234 3133 1265 3144 -
1286 3111 1329 3159 ii.
1350 3108 1424 3158 trudi
1443 3108 1484 3158 ii:
1506 3109 1578 3157 trabi
1600 3120 1661 3157 cum

316 3183 446 3234 libcuauo
485 3180 514 3230 ii.
546 3204 576 3215 -
605 3180 714 3229 Decrius
732 3180 774 3230 lid:
804 3177 900 3227 Decius
928 3192 986 3228 cum
1015 3179 1142 3229 lieruatdo
1171 3179 1200 3226 li.
1226 3178 1349 3240 (Decrius
1379 3184 1417 3229 est
1444 3178 1477 3237 ³,
1510 3178 1555 3227 20.
1583 3176 1660 3228 Grut.

316 3254 378 3303 211.
400 3251 456 3302 Col.
477 3247 514 3312 l.)
535 3274 565 3287 -
585 3251 707 3311 ciuilium
726 3250 762 3300 tt.
783 3254 860 3303 (curt.
882 3258 909 3298 tu
927 3248 1026 3312 Gueii.)
1050 3274 1077 3286 -
1097 3252 1140 3299 12.
1163 3251 1332 3312 Varpiiiuuus
1349 3249 1506 3299 Beroaldus:
1525 3249 1663 3313 apiliares

316 3323 346 3376 Μ
365 3336 426 3373 cum
445 3320 541 3375 linceis
561 3332 643 3379 super
661 3323 709 3368 titt·
730 3335 763 3381 u,
793 3332 845 3378 una
866 3330 928 3369 uota
946 3334 1008 3369 saue
1027 3322 1187 3385 significatur
1206 3334 1276 3377 uer..
1310 3320 1473 3383 Vtrpiiiussus
1496 3318 1525 3366 li.
1557 3343 1586 3354 -
1614 3317 1662 3370 13.

314 3406 405 3459 puceu
424 3392 462 3442 Μ.
490 3417 520 3430 ·-
549 3389 769 3441 liabetdtucstcr
786 3388 833 3451 tt,
853 3402 906 3441 uctt
925 3397 1053 3441 mcucstcr
1071 3391 1177 3452 ducii,
1197 3402 1247 3443 uec
1264 3392 1387 3442 minister
1405 3392 1475 3453 Spir.
1496 3412 1526 3425 -
1545 3386 1587 3439 tt.
1608 3390 1665 3439 cui·

317 3476 373 3531 puts
391 3463 428 3514 Μ.

317 3606 450 3667 abolitae,
492 3618 557 3670 quas
587 3611 675 3656 tameo
709 3604 779 3655 fliius
810 3606 970 3657 restituerat.
1010 3605 1045 3665 ii,
1065 3606 1136 3656 biis
1169 3607 1227 3671 puis
1250 3605 1383 3659 custodiat
1409 3606 1479 3669 ipsos
1504 3604 1662 3655 custodori.

319 3689 480 3739 Crtntiuatur
499 3700 559 3750 ergo
579 3686 605 3737 td
626 3687 746 3736 libertus.
765 3686 841 3736 Ltrs.
864 3711 891 3723 -
915 3685 972 3736 uui·
1011 3711 1042 3722 -
1061 3686 1203 3748 indictum]
1231 3692 1268 3736 att
1291 3691 1316 3736 in
1336 3687 1397 3737 Ter.
1420 3685 1488 3735 Eun.
1514 3686 1545 3741 5.
1564 3684 1596 3743 t.
1617 3685 1663 3735 13.

319 3766 383 3833 tum]
403 3767 467 3828 Cap.
487 3767 529 3816 12.
551 3766 640 3817 cidit.
666 3791 695 3803 -
724 3760 872 3828 iiomunus]
904 3764 971 3815 Cud.
1010 3766 1145 3825 Donatus,
1163 3768 1272 3828 proprie
1290 3773 1325 3816 est
1344 3768 1416 3822 cissa,
1436 3764 1483 3829 qut
1501 3776 1556 3812 unu
1571 3776 1665 3826 peccam

317 3850 398 3899 lectio
425 3855 455 3896 ut
479 3850 577 3897 iustum
603 3856 710 3897 sensum
732 3846 872 3908 praebeat.
893 3847 974 3895 luter·
1010 3849 1086 3896 ecrit.
1122 3845 1332 3897 Pseuduscoutus
1353 3846 1438 3894 Distu.
1464 3847 1490 3893 iu
1511 3841 1588 3893 Caec.
1611 3844 1663 3892 iis

319 3940 406 3991 punge
434 3933 493 3987 post
510 3924 623 3976 demunt
647 3934 674 3976 et
693 3935 784 3988 repete
804 3925 893 3975 audem
912 3930 972 3975 autc
1011 3927 1096 3975 iudae
1122 3931 1174 3988 ast,
1201 3928 1246 3988 qui
1272 3925 1419 3988 iocinoris,
1450 3925 1521 3973 cuius
1548 3924 1604 3984 ipsa
1626 3929 1668 3973 est

317 4023 344 4061 t.
364 4007 466 4071 cupido.
505 4005 557 4056 Sed
583 4009 684 4071 ruigata
704 4020 764 4058 acra
785 4014 856 4057 sunt.
888 4004 973 4056 Wtu·
1011 4007 1150 4064 conscius,
1171 4002 1415 4057 tutsbrustudicut,
1435 4004 1668 4064 impunitutspsc-

318 4100 404 4140 raas·
450 4085 510 4138 lion
544 4090 641 4148 igitur.
676 4095 704 4136 ιι
728 4090 764 4136 att
791 4086 971 4145 Doederlein,
1006 4089 1107 4147 positu.
1125 4111 1153 4122 -
1175 4078 1474 4146 trudtodsappttctum]
1493 4081 1667 4133 correctione

319 4168 514 4225 illuminetur,
534 4162 970 4228 redamaremus-castorem]
1009 4166 1080 4215 truisi
1100 4169 1254 4227 neutiquam
1276 4165 1379 4226 egebat.
1418 4163 1505 4222 Nepos
1524 4161 1604 4210 runc.
1628 4163 1664 4211 dc

319 4250 377 4307 tei,
396 4250 465 4297 serto
485 4250 508 4297 ai
526 4247 658 4306 explices,
678 4250 739 4309 uuis
760 4246 838 4296 Stilus
858 4248 915 4308 ipsa
935 4253 973 4296 tot
1009 4245 1193 4295 undecimuirts
1210 4246 1246 4293 ud
1264 4244 1419 4306 suppitctum
1432 4266 1466 4278 ··
1476 4241 1578 4304 publica
1590 4241 1669 4290 dom·

318 4328 476 4380 Messalinae
505 4324 643 4376 libidinum
668 4326 792 4386 exemplis
812 4329 927 4377 monitus
947 4328 971 4376 ci
1009 4326 1069 4373 muti
1088 4325 1162 4373 trudi
1178 4324 1271 4374 soient.
1292 4323 1367 4373 Suet.
1389 4322 1439 4372 vu.
1460 4320 1512 4370 ts:
1532 4322 1669 4384 quodum

319 4408 475 4463 dtiildeisat‚
505 4406 546 4456 tel
570 4412 648 4456 ettam
677 4407 817 4457 observare
839 4419 870 4457 ac
899 4419 972 4468 prae·
1008 4404 1135 4466 supplicio
1162 4406 1300 4453 traditum.
1328 4429 1361 4440 -
1397 4400 1456 4450 iudi
1482 4398 1666 4464 procurater]

319 4483 971 4548 noscercsuicbatiacticiiliusiaattdtum.quud
1010 4490 1086 4534 cutus
1117 4497 1177 4534 cura
1198 4484 1318 4534 ludorum
1340 4483 1516 4544 publicorum.
1545 4479 1598 4531 ctr.
1619 4480 1667 4540 13,

319 4571 405 4631 ipsum
426 4569 613 4626 pervertissrt3
642 4565 702 4621 ret,
720 4571 750 4615 ut
769 4565 788 4615 1.
808 4565 851 4614 Fr.
872 4565 973 4616 Gruno·
1009 4564 1052 4612 22.
1085 4563 1159 4613 Suet.
1190 4563 1246 4613 Cat.
1269 4564 1311 4613 27.
1330 4570 1491 4625 procurator
1515 4574 1666 4610 mammam.

319 4652 378 4700 sias
410 4644 539 4696 matitioae
570 4656 601 4696 ae
640 4644 724 4694 tacete
762 4645 969 4707 iuterpretatur:
1010 4645 1092 4693 inser.
1112 4656 1148 4692 m.
1170 4644 1226 4693 bat.
1246 4644 1278 4693 tt.
1301 4644 1385 4693 iiiiii:
1416 4648 1580 4702 procurator
1605 4640 1669 4690 teus

320 4727 402 4776 «stuc
422 4725 504 4775 dubio
523 4725 566 4774 iiia
585 4731 668 4775 castas
687 4724 803 4784 imitata,
833 4738 880 4786 per
899 4726 972 4775 blatt-
1009 4724 1099 4788 mopsi
1117 4730 1141 4772 et
1157 4729 1320 4784 procuretur
1338 4721 1394 4771 iudi
1411 4720 1549 4769 mutatini.

321 4807 397 4856 distas
426 4805 496 4855 bunc
527 4800 631 4857 ἀοιδὸν
658 4816 672 4854 ι
700 4807 793 4852 marito
822 4817 889 4854 nuso
918 4808 971 4867 ipsa
1045 4802 1087 4852 ³6.
1120 4802 1264 4863 cerberum]
1294 4805 1391 4866 quibus
1416 4805 1504 4861 ipsum
1523 4796 1667 4849 blessaiiua

321 4890 415 4949 eregit.
452 4886 580 4937 tdarttatts
605 4885 654 4941 to,
674 4884 723 4933 titt:
756 4884 880 4933 custodes
904 4885 970 4938 dus,
1010 4882 1085 4931 caedi
1099 4885 1236 4941 iussisset,
1258 4881 1452 4945 quotiesbutns
1464 4879 1667 4929 itbtdiuemuou

321 4965 416 5016 Puitu.
436 4968 513 5026 uiro,
532 4980 585 5016 auu
603 4966 703 5027 accipis
720 4964 788 5026 ipsu.
827 4963 898 5013 'latis
918 4965 970 5022 iiie.
1010 4966 1044 5012 ita
1064 4968 1181 5020 satiaret,
1202 4971 1230 5013 ut
1244 4963 1396 5027 requirebat
1409 4960 1461 5017 ilia,
1476 4959 1509 5010 de
1520 4968 1571 5020 atta
1587 4959 1669 5009 iure-

322 5046 368 5108 uai
387 5044 522 5095 domimum
538 5059 586 5097 saec
602 5048 644 5095 vir
661 5059 706 5095 nec
729 5043 828 5107 {essina
853 5043 973 5095 servabat
1011 5045 1075 5093 naits
1094 5044 1126 5101 ii.
1146 5043 1215 5094 tto:
1235 5044 1270 5094 Et
1289 5043 1392 5093 iassutu
1407 5041 1474 5091 uisis
1492 5038 1603 5089 uectium
1623 5052 1669 5089 so·

322 5123 448 5181 cusanus
467 5125 598 5179 Nasonem
615 5129 674 5180 Am.
692 5125 723 5181 2.
744 5124 771 5186 ³.
789 5124 817 5176 1.
841 5125 972 5176 iuvenalis
1010 5126 1079 5177 ttutu
1097 5126 1200 5175 secessit
1225 5136 1240 5175 e
1271 5124 1404 5189 lupanari.
1434 5143 1463 5159 -
1495 5113 1583 5182 mais]
1613 5116 1671 5169 uss
