3634 5876
654 450 775 518 emite
794 449 862 519 XV·
885 451 937 517 dd.
962 452 1016 517 m.
1040 454 1094 519 bd.
1481 456 1546 521 ddi

208 618 297 697 ntum
317 608 353 679 in
373 608 569 678 adulatioque
589 609 764 696 ingenium.
801 608 897 699 idque
918 610 997 678 nulli
1018 614 1118 700 magio
1139 620 1270 700 gnarum
1292 635 1387 703 qnam
1408 617 1545 695 Neroni,

208 726 263 813 qui
284 726 410 810 saepius
431 722 607 793 libertatem
626 726 767 791 Seneoae
787 745 882 811 quam
903 725 1066 794 rernitium
1089 735 1239 814 expertus
1261 736 1354 795 emet.
1390 731 1447 796 obi
1467 728 1547 796 bauo
1578 760 1580 763 ·

207 860 228 904 a
247 839 374 907 tribuno
396 836 495 905 relata
515 844 588 907 eunt
614 839 762 925 Poppaea
783 845 815 905 et
835 837 992 924 Tigellino
1021 859 1147 918 eoram,
1182 837 1269 929 quod
1297 849 1365 908 erat
1394 842 1547 911 metienti

206 951 343 1038 principi
363 952 507 1019 intimum
528 949 749 1030 conitiorum,
781 950 955 1039 interroget
973 974 1016 1019 an
1037 955 1159 1020 Seneca
1178 952 1388 1023 voluntariam
1410 964 1546 1023 mortem

207 1074 345 1154 pararet.
371 1072 436 1132 tum
459 1064 604 1132 tribunus
624 1066 710 1131 nulia
731 1067 859 1152 pavoris
880 1066 988 1152 rigna,
1011 1065 1090 1133 nibil
1110 1065 1199 1133 triete
1219 1065 1253 1134 iu
1273 1069 1381 1135 verbio
1402 1068 1470 1133 eiua
1492 1076 1568 1137 aute

206 1181 296 1247 vultu
317 1182 507 1266 depreueum
533 1176 744 1247 confirmavit.
779 1199 856 1265 ergo
886 1178 1015 1263 regredi
1037 1186 1069 1246 et
1088 1177 1229 1247 indicere
1249 1189 1386 1247 mortem
1407 1181 1544 1249 iubetur.

207 1294 303 1359 tradit
324 1290 439 1358 Fabius
459 1292 606 1360 Ruetiour
626 1313 690 1359 non
712 1314 752 1358 eo
774 1312 838 1376 quo
858 1299 990 1360 venerat
1011 1291 1123 1360 itinere
1149 1295 1303 1370 reditum,
1335 1298 1390 1361 sed
1419 1292 1547 1361 flexisse

207 1403 249 1473 ad
267 1409 417 1473 Faenium
438 1404 650 1493 praefortem,
674 1414 707 1472 et
721 1408 875 1491 expositio
899 1406 1042 1472 Caesarie
1063 1405 1157 1474 iureis
1178 1427 1219 1473 an
1241 1409 1479 1495 obtemperaret
1499 1407 1548 1473 in·

207 1521 437 1605 terrogavieee,
458 1518 675 1606 monitumque
696 1522 737 1586 ab
760 1538 800 1586 eo
817 1526 852 1585 ut
871 1528 1119 1605 exsequeretur,
1141 1518 1230 1585 iatali
1249 1521 1390 1588 omnium
1411 1520 1546 1606 ignavie.

206 1651 279 1698 nem
300 1639 333 1696 et
357 1631 502 1699 Silvanus
528 1633 612 1699 inter
640 1631 820 1700 coniuratos
850 1641 937 1709 erat,
973 1636 1171 1720 augebatque
1197 1632 1319 1700 seelera
1347 1636 1381 1698 in
1410 1655 1583 1720 quornmre

206 1744 359 1815 ultionem
380 1754 594 1812 consenserat.
628 1745 826 1813 vocitamen
848 1755 881 1813 et
901 1747 1040 1834 aspectui
1063 1747 1222 1833 pepercit,
1254 1748 1485 1833 intromisitque
1506 1750 1547 1815 ad

207 1861 357 1924 Seneeam
378 1879 477 1925 unum
499 1880 542 1925 ex
559 1858 817 1940 centurionibus,
852 1859 908 1948 qui
933 1862 1150 1927 ueoeeeitatem
1170 1859 1311 1926 ultimam
1332 1859 1544 1929 denuntiaret.

206 1970 268 2055 (dd)
291 1970 343 2037 ilie
364 1973 526 2038 interritus
548 1974 651 2056 poerit
671 1974 850 2039 testamenti
871 1971 1007 2054 tabulam
1029 1994 1066 2040 ae
1081 1975 1255 2060 denegante
1270 1973 1456 2040 centurione
1470 1995 1546 2039 eon·

206 2104 317 2152 verene
337 2083 378 2151 ad
399 2088 536 2163 amieos,
570 2084 696 2171 quando
723 2085 843 2152 meritis
872 2106 981 2153 eorum
1003 2085 1128 2153 referre
1150 2086 1282 2171 gratiam
1303 2089 1544 2175 prohiberetur,

207 2196 292 2284 quod
320 2220 418 2265 unum
445 2200 508 2264 iam
532 2206 564 2266 et
583 2207 688 2264 temen
718 2197 964 2284 pulcherrimum
989 2198 1122 2276 babeat,
1156 2198 1329 2286 imaginem
1357 2199 1442 2268 ritae
1469 2221 1583 2271 rueere

205 2310 387 2399 relinquero
409 2319 559 2390 testetur,
593 2317 682 2378 cuius
703 2312 730 2378 si
751 2331 909 2379 memores
931 2320 1053 2390 essent,
1086 2315 1242 2379 bonarum
1272 2312 1388 2380 artium
1415 2312 1543 2392 famam,

206 2432 273 2492 tum
293 2424 465 2492 constantia
486 2427 643 2492 amicitiae
664 2424 793 2492 laturos.
830 2424 924 2492 simui
948 2424 1096 2493 lacrimas
1124 2446 1235 2493 eorum
1266 2428 1362 2492 modo
1390 2448 1546 2506 sermone,

274 2651 301 2704 3.
317 2667 424 2718 nepueu
441 2658 465 2705 et
483 2654 599 2718 ttqiibeo
616 2652 656 2707 M.
682 2679 716 2691 -
743 2655 854 2707 eeuieett'
870 2652 909 2707 Μ.
934 2680 968 2692 -
986 2656 1013 2708 5.
1032 2655 1113 2707 eirbti
1130 2654 1169 2707 M.
1190 2680 1218 2692 -
1239 2651 1265 2705 d.
1285 2650 1373 2706 Habet
1391 2655 1545 2720 deprensum

204 2722 243 2776 Μ.
263 2721 460 2790 (deprehensum
484 2738 546 2776 eum
572 2725 659 2777 Gueti.
689 2727 757 2779 itud.
786 2733 847 2778 ante
865 2723 1056 2789 Writbarum.)
1086 2751 1116 2763 -
1142 2726 1169 2777 7.
1189 2724 1278 2777 Habet
1305 2726 1421 2778 reditum
1443 2728 1481 2779 Μ.
1512 2749 1544 2766 -·

204 2794 231 2845 8.
250 2793 380 2847 Furnium
395 2795 441 2848 M:
471 2797 581 2847 Fretum
598 2797 630 2848 B.
660 2822 691 2834 -
721 2797 748 2847 9.
769 2809 843 2860 eeeq.
864 2797 902 2849 M.
923 2824 952 2835 -
973 2797 1080 2849 oretum
1097 2794 1136 2849 M.
1156 2820 1189 2833 -
1208 2797 1252 2847 15.
1271 2799 1328 2848 inm
1347 2805 1372 2849 et
1391 2803 1479 2848 tomen
1496 2798 1542 2849 Mt

203 2868 259 2916 inm
278 2871 303 2916 et
322 2867 444 2918 Erneetto
460 2873 567 2919 auctore
588 2867 626 2927 Β,
644 2869 700 2918 iam
717 2873 806 2919 tamen
824 2870 849 2918 et
866 2880 926 2918 eum
944 2868 1013 2918 liud·
1028 2864 1189 2928 iibenanur,
1207 2869 1262 2918 inm
1274 2874 1393 2920 ettamen
1415 2868 1541 2926 Ptebeur,

203 2938 274 2999 iem,
305 2943 393 2989 tumeo
420 2949 480 2988 euru
508 2939 570 3002 Agr.
590 2937 715 3002 Ryeitur.
746 2963 781 2974 -
809 2938 966 2989 bebentM:
995 2939 1106 2989 babebat
1130 2951 1190 2989 euin
1209 2942 1303 2990 retorta
1322 2939 1408 2992 Codd.
1426 2936 1543 3001 (praeter

203 3006 296 3071 Bud,
317 3010 363 3073 qui
380 3007 468 3073 tebet)
487 3007 557 3072 spir.
577 3007 681 3061 Putant.
700 3009 732 3061 Β.
753 3033 784 3046 -
804 3009 847 3060 17.
869 3015 925 3060 tom
943 3006 982 3061 Μ.
1003 3009 1145 3062 correxere
1163 3010 1284 3064 Muretus
1302 3016 1329 3062 ot
1345 3008 1496 3062 Aotdaitur.

202 3219 298 3270 etmitu
314 3231 388 3284 reqer
403 3219 520 3284 putebat
536 3217 595 3284 tore
612 3215 729 3284 (Numa).
751 3243 784 3257 -
803 3220 855 3272 Fe·
894 3219 1062 3273 Writberum
1081 3227 1109 3274 et
1126 3234 1189 3274 aero
1206 3225 1287 3273 ettam
1305 3222 1376 3285 arud
1389 3221 1545 3275 Doedertet·

203 3296 406 3363 biurltuetiror]
426 3299 480 3352 Ctr.
495 3302 539 3360 ta,
553 3302 597 3351 20.
615 3324 646 3338 -
665 3297 756 3364 tutati]
776 3302 855 3365 quart
895 3304 987 3362 ntum,
1007 3305 1052 3366 qut
1071 3302 1137 3355 haee
1155 3302 1309 3367 aderrtnrttr
1336 3311 1377 3354 eet
1395 3310 1483 3354 tumeo
1497 3307 1545 3354 rut

204 3378 250 3430 tati
268 3379 382 3442 quadam
396 3383 553 3433 nererrttate
566 3381 690 3432 omnibur
703 3381 805 3440 tndtta,
825 3387 857 3432 ut
894 3384 1053 3434 tnottnareo
1071 3383 1111 3434 rel
1130 3387 1157 3434 tn
1174 3387 1263 3434 tumea
1279 3387 1303 3434 et
1322 3383 1543 3443 tantundemst,

203 3459 278 3518 ut:
298 3457 606 3524 tmuuqooonmmetor
624 3459 856 3512 reversurae
893 3469 939 3513 aut
956 3464 994 3513 rte
1011 3462 1167 3514 struendum
1186 3464 1295 3525 rebem,
1326 3470 1356 3513 ut
1375 3469 1415 3524 et,
1447 3463 1474 3513 td
1493 3468 1544 3525 ert,

202 3538 245 3590 rui
275 3538 403 3605 oerbdeqt
427 3537 554 3607 (anteitur
584 3539 735 3602 Gutmenn,
764 3540 855 3591 irriti-
892 3542 984 3603 etium,
996 3542 1029 3593 ad
1040 3543 1245 3606 putcherrimae
1257 3545 1415 3607 pertineat.»
1429 3544 1464 3593 at
1478 3542 1544 3606 quid

202 3618 279 3675 ettbte
297 3617 462 3681 Louendre).
483 3643 513 3657 -
532 3622 592 3671 eoet
604 3645 616 3657 ·
634 3646 641 3657 ·
660 3617 788 3684 peperit]
807 3632 855 3683 nu·
893 3634 993 3686 quaero
1011 3622 1106 3674 terttut
1124 3626 1332 3688 ganeroetnrqne
1346 3636 1360 3674 r
1374 3623 1474 3676 seneen
1491 3624 1544 3675 dtet

204 3698 268 3750 dore
284 3700 400 3762 quodam
418 3706 446 3751 et
462 3699 854 3761 euioaeeonreteuttaeomrue·
893 3704 981 3763 notuit
1007 3716 1087 3766 quern
1106 3704 1173 3755 «hee
1191 3716 1273 3755 unum
1300 3706 1373 3764 tam,
1401 3710 1428 3756 et
1455 3710 1543 3755 tamen

203 3785 247 3833 tur
263 3782 320 3843 ture
330 3787 441 3831 mortem
452 3782 476 3832 et
487 3780 643 3835 denuntiare
653 3795 707 3833 uon
717 3783 852 3832 rurttnutt.
892 3783 970 3833 rtmul
989 3783 1196 3846 putruerrtmum
1217 3797 1245 3837 re
1263 3785 1355 3835 amicte
1378 3784 1543 3847 relinquere,

236 3859 282 3910 di.
312 3861 461 3912 tertomeeti
486 3857 608 3924 tuburtae]
644 3863 702 3913 aut
722 3862 855 3924 exntteent
892 3865 1036 3927 trurgtnem
1050 3867 1119 3917 ritae
1137 3866 1240 3916 ruant»
1266 3863 1376 3915 Proreus
1397 3872 1485 3916 autern
1504 3867 1544 3916 tu·

203 3945 410 4001 tentamentum,
445 3940 517 4003 quod
548 3940 594 3992 dtu
626 3948 687 3993 ante
717 3944 854 4004 rrrtneertt
892 3943 993 4007 begere
1012 3943 1162 3995 nuturtort
1181 3943 1326 3995 emrartam
1345 3944 1399 4003 titt,
1428 3949 1474 4009 qut
1494 3958 1543 4008 pro

202 4016 308 4082 ((1.64.
328 4018 407 4081 extr.)
426 4020 552 4071 nonuulta
578 4021 619 4073 vei
638 4027 792 4072 muteturur
811 4024 852 4073 rat
891 4023 1009 4074 sanaem
1028 4023 1124 4073 iubeat
1141 4023 1235 4074 inette
1255 4023 1406 4077 tribuerunt
1418 4025 1542 4076 iubebat.

202 4098 351 4150 additurur.
388 4099 512 4161 Baottur,
532 4107 615 4162 nuto,
634 4101 678 4151 attt
698 4101 732 4152 de
745 4100 851 4163 tabutte,
893 4101 988 4165 «Quod
1012 4109 1101 4156 autem
1120 4104 1257 4157 ltrneattur
1283 4111 1376 4158 censet
1393 4106 1426 4157 de
1444 4109 1543 4158 trutan-

203 4181 231 4230 tn
249 4179 346 4242 qutbur
365 4182 533 4240 tunctorum
552 4181 639 4233 tarem
662 4186 752 4243 portet
774 4186 852 4232 terta·
891 4184 946 4243 tta,
976 4196 1043 4246 quae
1073 4185 1108 4234 rit
1133 4186 1160 4234 tu
1189 4183 1295 4245 rerbtr,
1327 4192 1349 4236 et
1374 4191 1544 4250 tamquama
1571 4197 1577 4208 ·

202 4265 337 4317 mentum
357 4271 416 4310 nam
436 4260 503 4311 totta
521 4261 654 4312 eedteittor
671 4265 801 4312 memorat
818 4261 852 4312 de
891 4261 993 4314 Seuera
1012 4263 1082 4314 diota
1102 4266 1284 4326 recipiantur,
1312 4266 1381 4317 otbtt
1400 4274 1457 4324 eetr
1481 4264 1543 4329 put·

203 4339 356 4402 renuiturre
375 4340 453 4391 ruodo
473 4340 623 4400 dumtarrt,
651 4353 719 4404 quor
743 4339 853 4391 eodieti-
892 4341 1046 4393 eteertmten
1064 4343 1166 4397 Seuera
1188 4345 1253 4396 dtrtt
1274 4358 1327 4397 non
1346 4348 1465 4397 omniurn
1487 4356 1543 4394 otu·

202 4419 242 4471 tot
263 4433 279 4470 a
304 4424 460 4470 testamento
484 4420 646 4484 dtrttnguere
674 4420 761 4472 rolant
784 4419 852 4478 lctt,
891 4425 974 4482 utne,
992 4423 1039 4475 red
1059 4436 1169 4487 eorum,
1194 4425 1432 4490 quae-reitnquere
1451 4426 1543 4474 amiota

203 4498 392 4554 uterinae.
417 4498 486 4549 iiiia
517 4499 651 4550 ceretius
676 4513 753 4552 aerio
780 4500 853 4552 beret
893 4504 1002 4564 uertit.»
1023 4503 1145 4556 Wanrra.
1167 4531 1198 4545 -
1217 4502 1291 4569 tunt]
1317 4505 1344 4555 td
1362 4509 1420 4563 ert,
1440 4509 1544 4565 praete·

201 4579 307 4629 iartttui
321 4583 407 4641 pateat
428 4589 511 4641 aeque
535 4578 709 4635 weretune.
733 4581 853 4645 euomuit
891 4595 947 4641 rea,
966 4585 1094 4645 toruoer,
1114 4590 1144 4636 ut
1161 4585 1232 4638 Htrt.
1252 4587 1285 4643 1,
1303 4582 1348 4634 td.
1367 4582 1409 4634 ln.
1446 4583 1543 4635 Nerea·

202 4664 355 4710 metaneam
374 4658 523 4724 confirmati
539 4659 604 4708 rtet.
623 4680 656 4696 -
685 4673 768 4710 eoum
784 4658 851 4725 tom]
891 4665 959 4714 rrrtr
977 4676 1041 4715 rane
1061 4665 1211 4717 omendrtte
1236 4677 1283 4726 nro
1301 4661 1374 4714 Med.
1394 4669 1461 4713 tam.
1492 4662 1542 4715 Ce-

200 4738 268 4789 tium
287 4738 356 4789 bona
375 4742 432 4790 etur
452 4737 615 4799 nubilarium
633 4739 666 4787 trt
689 4739 853 4802 etgntfleave·
891 4753 977 4795 terum
997 4744 1142 4797 rettetenda
1160 4751 1201 4797 ert
1217 4744 1340 4793 Bruttertt
1358 4752 1390 4793 ae
1404 4743 1541 4795 Burnoutit

202 4822 243 4868 r'rt
258 4821 379 4870 eentorto
399 4832 431 4871 er
448 4818 561 4869 Nerontr
575 4819 648 4870 turru
662 4823 850 4871 tertnmrntnm
891 4822 1044 4875 dtrttnettoz
1072 4826 1146 4876 entur
1169 4822 1197 4872 ei
1213 4832 1339 4872 memoret
1357 4826 1439 4873 meet
1461 4822 1542 4873 been·

201 4898 509 4950 flenretando.1)oro.
530 4922 561 4935 -
585 4902 610 4948 et
627 4903 718 4949 remea
732 4897 851 4961 peteter-
889 4916 950 4953 rum
968 4905 1085 4964 ortium,
1111 4903 1213 4966 tomum
1240 4898 1372 4965 tenetote)
1395 4904 1542 4953 eonttorrtte

200 4978 298 5028 riarum
323 4975 436 5041 bnbmt]
466 4976 626 5029 lneredtbtte
646 4983 704 5036 ert,
736 4982 801 5039 quot
824 4985 851 5029 et
890 4984 1025 5034 eurietion
1043 4982 1157 5033 tuturos.
1178 5004 1208 5017 -
1238 4978 1372 5045 teneone]
1398 4983 1541 5046 trrnqnttio

202 5060 296 5122 quanti
321 5060 348 5109 tn
366 5059 416 5110 bro
431 5058 503 5110 Med.
522 5059 636 5110 tertione
656 5060 792 5109 eertrrtma
809 5071 850 5110 er·
889 5074 921 5112 ar
938 5062 1077 5131 tamtttart,
1107 5060 1150 5109 rut
1177 5062 1321 5123 opponitur
1344 5075 1369 5113 r.
1393 5063 1540 5123 intentior,

201 5151 274 5192 rerer
291 5141 425 5191 eommtut
447 5142 519 5200 etat,
545 5145 575 5189 ut
592 5137 682 5192 ridere
701 5136 762 5191 ittet
777 5138 849 5203 apud
889 5144 1046 5193 eonettattur
1063 5139 1236 5205 reverturque
1254 5139 1377 5206 toquere
1389 5165 1425 5178 -
1441 5141 1484 5196 Ad
1501 5149 1541 5197 to-
