3682 5872
330 471 369 530 Vl

330 640 374 692 cx
394 623 528 713 ingenio
549 620 689 696 Victorii
709 620 902 713 proiectae,
931 640 1014 710 quas
1043 622 1100 689 iiie
1127 641 1149 690 a
1170 622 1348 691 coiiatione
1374 625 1449 691 iibri
1470 625 1655 692 l'iorentini

329 719 480 803 distinxit
503 739 695 824 praeposito
719 758 738 804 c
759 727 845 819 [boc
863 738 935 821 cst,
957 727 1121 824 compe).
1149 733 1252 818 Quam
1275 736 1525 825 diligentissime
1546 743 1654 805 autem

329 847 397 915 deri
420 851 546 936 potuit,
566 849 705 918 Victorii
727 853 827 915 notas
845 850 1012 936 expressi,
1033 868 1075 915 ue
1097 850 1235 915 minimis
1257 848 1385 936 quidem
1409 852 1589 917 omissisa»

411 961 521 1030 Probe
541 981 623 1052 ergo
642 960 817 1029 tenendum
838 961 1020 1028 victorium
1046 957 1127 1030 cod.
1149 963 1176 1028 1.
1197 982 1264 1028 non
1288 964 1487 1044 contulisse,
1508 964 1655 1030 fortasse

327 1094 491 1162 nunquam
510 1074 647 1143 uidisse·
691 1074 741 1142 at
761 1078 899 1161 propter
915 1075 1055 1140 omnium
1071 1074 1185 1141 irarum
1201 1077 1412 1142 collationum
1428 1075 1655 1143 diversitatem

326 1185 414 1256 haud
428 1189 667 1275 infrequentem
683 1190 717 1255 et
731 1191 868 1274 propter
881 1189 1046 1254 silentium
1061 1186 1156 1253 mode
1174 1184 1356 1262 amoenae,
1373 1188 1469 1255 modo
1483 1189 1654 1260 Gronovli,

325 1301 423 1368 modo
447 1300 501 1367 del
526 1301 647 1368 Furiae
676 1305 711 1367 et
737 1301 771 1366 in
793 1299 874 1366 Cod.
895 1302 939 1368 11.
962 1301 1101 1366 maxime
1124 1299 1264 1367 Victorii
1286 1302 1410 1368 iactum
1434 1306 1506 1385 est,
1538 1304 1575 1367 ut
1598 1302 1655 1367 vel

326 1418 403 1503 post
422 1413 589 1481 Waltireri
610 1432 650 1482 ac
671 1411 818 1480 Beidrcrl
839 1412 1019 1503 diligentes
1049 1430 1148 1481 curas
1168 1413 1276 1482 adbuc
1297 1415 1387 1480 nulio
1411 1421 1504 1482 certo
1530 1413 1655 1480 tunda-

325 1530 434 1594 mento
457 1529 633 1600 niteretur,
655 1525 716 1593 sed
728 1525 902 1593 admodum
920 1524 1097 1593 iluctuaret
1119 1528 1190 1592 tota
1215 1525 1322 1594 'l'aciti
1347 1529 1463 1597 critica
1486 1527 1655 1593 tractatio.

324 1636 488 1721 Quocirca
511 1657 614 1725 saepe
639 1639 701 1704 iam
727 1656 749 1705 a
781 1637 960 1725 philologis
980 1637 1203 1705 desideratum
1235 1643 1304 1721 cst,
1339 1643 1377 1705 ut
1406 1657 1495 1705 nova
1520 1640 1656 1707 collatio

323 1770 418 1839 quam
436 1752 683 1821 accuratissima
697 1753 940 1842 institueretur,
963 1770 1048 1836 quae
1065 1754 1209 1837 priorum
1229 1754 1313 1820 vitia
1330 1753 1531 1843 corrigeret,
1553 1752 1659 1817 omis-

321 1867 432 1933 siones
452 1865 640 1954 suppleret,
667 1866 861 1951 perpetuam
883 1866 1042 1931 rationem
1070 1865 1167 1932 etiam
1189 1866 1375 1952 scripturae
1397 1864 1554 1937 baberctr
1591 1883 1656 1951 quo

320 1978 453 2046 tandem
473 1978 508 2044 in
530 1974 595 2046 buc
615 1972 733 2044 saitem
754 1980 851 2064 parte
872 1975 1098 2064 diplomatica,
1128 1996 1222 2064 quam
1249 1997 1337 2045 nunc
1358 1977 1489 2059 dicunt,
1518 1978 1659 2064 acquie-

319 2108 414 2160 scere
432 2090 549 2161 liceret
565 2104 673 2177 neque
693 2090 758 2157 iam
779 2093 924 2157 restaret
947 2086 1010 2157 nisi
1032 2090 1286 2173 coniecturalis,
1322 2091 1376 2157 cni
1396 2109 1479 2157 sane
1499 2092 1598 2157 etiam
1622 2091 1657 2154 in

319 2188 487 2293 posterum
508 2220 649 2297 magnus
670 2205 734 2270 erit
755 2221 899 2292 campus.

402 2316 472 2385 lam
494 2315 583 2406 quod
603 2314 756 2403 permulti
779 2319 953 2403 optarant,
978 2333 1043 2406 ego
1065 2334 1126 2400 pro
1149 2316 1237 2381 vtriil
1257 2321 1353 2402 parte
1376 2317 1513 2403 exsequi
1534 2315 1657 2399 statui3

320 2446 384 2518 quo
404 2432 438 2497 in
455 2431 594 2499 consilio
613 2430 751 2521 egregie
771 2428 905 2497 adiutus
929 2448 1000 2495 sum
1021 2430 1144 2494 auxilio
1171 2430 1283 2514 optimi
1305 2428 1422 2511 amici,
1445 2431 1497 2496 oui
1521 2429 1656 2514 pracci-

320 2560 400 2633 pue,
423 2540 579 2630 quidquid
597 2544 676 2609 boni
691 2544 779 2610 inest
795 2561 905 2609 novae
921 2540 998 2609 lruic
1017 2559 1132 2628 curae,
1155 2540 1324 2608 debebunt
1344 2543 1498 2609 lectores.
1522 2539 1654 2606 Etenim

319 2655 558 2724 honestissimis
580 2655 843 2743 redemptoribus
869 2657 1020 2741 sumptus
1049 2653 1137 2719 haud
1165 2656 1307 2742 exiguos
1326 2654 1554 2721 liberalissime
1573 2653 1657 2719 sub-

320 2769 597 2856 ministrantibus,
610 2766 659 2835 le.
675 2768 841 2858 Georgius
857 2766 1030 2852 Battcrus,
1045 2768 1177 2856 collega
1196 2784 1301 2857 naeus,
1319 2766 1416 2830 annis
1430 2766 1659 2848 superioribus

321 2882 372 2950 bis
389 2882 591 2950 Florentiam
616 2881 787 2967 proiectus
812 2882 921 2966 ibique
941 2897 963 2945 a
985 2876 1025 2945 V.
1042 2874 1079 2946 0.
1101 2876 1283 2945 Franctsco
1307 2874 1361 2941 del
1388 2874 1490 2942 Furia
1512 2876 1659 2965 benigne

321 2999 499 3083 exceptus,
521 2991 675 3064 codicem
688 2998 860 3079 utrumque
877 2990 1064 3058 Mediccum
1084 2989 1192 3057 denuo
1208 2990 1373 3074 excussit,
1393 2990 1523 3079 ingenti
1540 2990 1658 3056 labore

321 3109 515 3196 praesertim
540 3109 574 3173 in
597 3103 792 3176 extricando
813 3102 1002 3170 difficillima
1022 3104 1080 3169 iiia
1101 3104 1267 3189 scriptura
1295 3100 1553 3193 langobardica
1575 3100 1659 3170 cod.

321 3221 368 3290 ΙΙ.
387 3216 421 3289 et
444 3218 643 3311 indagandis
671 3218 853 3284 litterarum
876 3215 1089 3283 evanidarum
1112 3217 1267 3302 vestigiis
1288 3214 1472 3307 exhausto,
1508 3234 1548 3284 ac
1566 3235 1659 3282 sem-

323 3353 383 3423 per
401 3334 601 3421 comparatis
617 3333 705 3398 inter
720 3348 758 3397 se
774 3328 942 3396 Waithcrl
961 3332 996 3394 et
1022 3328 1076 3394 dci
1096 3326 1219 3396 Furiae
1236 3330 1449 3407 testimoniis,
1480 3333 1657 3416 antequam

323 3446 457 3517 coudces
475 3447 567 3533 ipsos
587 3442 799 3512 examinaret
850 3439 923 3524 Quo
945 3444 1054 3509 autem
1075 3460 1132 3509 res
1151 3443 1254 3510 semel
1274 3442 1519 3531 transigeretur
1546 3459 1654 3529 neque

325 3559 530 3649 postmodum
561 3576 692 3624 moroso
724 3556 822 3623 alicui
853 3555 1041 3622 cavillatori
1072 3557 1166 3624 iocus
1195 3556 1285 3623 toret
1314 3562 1451 3643 propter
1472 3554 1658 3624 levissimas

327 3672 483 3762 quasdam
501 3671 695 3738 omissiones
715 3672 818 3735 totam
836 3685 946 3736 curam
964 3671 1074 3756 inique
1095 3666 1311 3736 addubitandi
1332 3672 1433 3756 atque
1454 3666 1658 3763 exagitandi,

327 3790 455 3874 quoque
480 3782 575 3851 simui
595 3785 668 3849 tota
688 3784 874 3869 scripturae
904 3785 993 3849 ratio
1023 3781 1124 3849 valde
1154 3801 1236 3849 sene
1266 3781 1432 3851 tluctuans
1462 3781 1656 3871 praesertim

327 3901 362 3965 iu
404 3896 693 3967 assimilationibus
735 3897 985 3964 consonantium
1029 3898 1175 3986 tirmior,
1220 3900 1360 3984 irtttuu,
1406 3915 1448 3966 ac
1482 3894 1656 3977 similibus,

328 4012 530 4101 singularum
560 4011 744 4076 litterarum
777 4009 890 4096 apices
925 4010 1061 4075 strenue
1094 4013 1323 4095 perscrutatus
1348 4012 1412 4076 est.
1466 4008 1543 4099 Ego
1573 4024 1656 4073 vero

328 4124 483 4215 reilgioni
517 4122 618 4190 habui
644 4123 776 4189 silentio
804 4122 987 4208 praeterire
1024 4122 1079 4188 vel
1113 4140 1210 4189 unam
1251 4123 1430 4190 litterulam
1464 4123 1508 4189 ab
1549 4119 1655 4187 amico

330 4240 506 4306 cauatam.
547 4237 628 4324 lpse
646 4239 758 4302 tamen
772 4234 887 4301 merito
902 4232 947 4300 ad
960 4234 1225 4324 intedigandam
1239 4237 1372 4323 primam
1387 4236 1513 4302 librarii
1527 4252 1658 4301 manum

329 4352 568 4420 atteutlmimus
587 4350 778 4436 plerumque
806 4348 911 4413 noluit
939 4365 1121 4433 excerpere
1150 4351 1247 4415 etum
1274 4348 1519 4418 recentissimas
1540 4363 1657 4416 corre-

331 4465 460 4535 ctiones
479 4461 637 4531 Beroaldi
668 4462 869 4548 aliorumque
899 4460 1046 4528 fortasse
1077 4479 1175 4528 manu
1205 4465 1324 4547 partim
1354 4463 1509 4530 versibus
1535 4476 1657 4548 supea-

331 4581 477 4665 scriptsa
496 4576 616 4663 partim
636 4575 670 4640 in
690 4573 839 4663 margine
860 4572 1007 4663 additas3
1028 4590 1103 4641 nam
1123 4575 1152 4641 si
1173 4573 1252 4661 quid
1272 4576 1351 4641 boni
1372 4576 1548 4663 praebeat,
1571 4574 1658 4639 iam-

332 4689 454 4759 dudum
473 4691 575 4755 rotao
592 4689 673 4754 sum
692 4689 730 4752 et
748 4685 854 4753 falsos
873 4687 1040 4754 cummare
1060 4685 1141 4752 nibil
1162 4705 1299 4772 prorsus
1318 4690 1493 4758 attinebat

418 4801 599 4871 Praeterea
612 4798 789 4865 nonnullas
801 4798 959 4889 egregias
972 4800 1181 4867 coniecturas
1194 4802 1298 4869 amico
1313 4801 1436 4895 debeo,
1452 4801 1505 4889 qui
1519 4802 1658 4885 insuper

334 4921 501 4990 strenuam
521 4928 655 5000 operum
673 4910 848 4997 insumpsit
868 4912 903 4977 in
923 4910 1123 5000 corrigenda
1142 4932 1267 4985 mecum
1296 4932 1466 5005 operarum
1499 4914 1657 5000 pericula.

418 5022 748 5100 conciliabimus
767 5023 818 5094 lit
837 5019 962 5172 12000.
981 5022 1107 5097 XLVI.

984 5182 1003 5220 ἡ

1125 5136 1143 5175 ιιι
