3620 5880
573 422 692 489 tuen
711 423 766 491 vt.
811 422 887 507 cap.
914 422 963 488 rs.
987 424 1037 486 17.
1062 423 1114 487 sa.
1444 425 1506 490 aes

174 587 245 672 qnia
266 583 462 651 feneratores
484 602 610 649 omnem
630 584 796 670 pecuniam
816 544 994 648 mercandis
1016 582 1099 666 agris
1120 584 1337 649 condiderant.
1382 585 1505 669 copiam

173 695 330 764 vendendi
361 704 468 763 secuta
499 694 633 772 vilitate,
664 702 782 781 quanto
812 695 881 780 quis
909 694 1103 772 obaeratior,
1128 697 1252 779 aegrius
1274 695 1504 775 distrahebant,

173 810 324 896 multique
344 806 780 895 iortunis'provoivebantur3
803 810 926 873 eversio
948 805 995 872 rei
1017 804 1176 873 familiaris
1199 806 1382 892 dignitatem
1403 829 1440 875 ac
1459 807 1505 875 fa·

172 944 255 993 mam
275 942 428 1010 praeceps
450 919 561 999 dabat,
585 924 685 988 donec
707 920 778 987 tulit
799 940 892 1008 opem
916 922 1029 987 Caesar
1050 919 1202 1005 disposito
1222 940 1281 1008 per
1302 942 1425 988 mensas
1446 924 1506 989 mi-

171 1037 229 1107 lies
248 1039 413 1113 sestertio,
437 1035 580 1123 imisque
602 1036 765 1102 mutuandi
787 1032 878 1117 copia
906 1031 973 1098 sine
993 1036 1096 1098 usuris
1116 1054 1173 1120 per
1194 1035 1379 1112 triennium,
1403 1035 1429 1101 si
1451 1039 1527 1102 des
1572 1100 1619 1127 Α
1628 1032 1663 1127 s
1746 1088 1750 1093 .
1782 1092 1788 1101 ,

171 1151 258 1218 bitor
279 1149 397 1237 populo
419 1151 452 1215 in
473 1147 603 1235 duplum
624 1146 761 1233 praediis
783 1148 927 1213 cavisset.
975 1146 1020 1211 sie
1049 1144 1165 1211 reiecta
1186 1143 1279 1223 tides,
1302 1155 1333 1212 et
1354 1146 1504 1232 paulatim
1612 1112 1753 1177 ΜΨ
1769 1112 1799 1158 ⁰⁶

171 1265 286 1353 privati
315 1283 442 1352 quoque
474 1264 649 1329 creditores
678 1259 806 1348 reperti.
856 1278 958 1344 neque
987 1257 1104 1346 emptio
1132 1281 1282 1344 agrorum
1304 1260 1444 1327 exercita
1464 1266 1505 1329 ed

171 1377 305 1445 formam
326 1379 453 1444 senatos
473 1376 624 1454 consulti,
646 1375 788 1451 acribus,
811 1382 847 1440 ut
865 1373 966 1439 ierme
994 1371 1086 1448 talia,
1110 1372 1224 1450 initiis,
1248 1374 1406 1439 incurioso
1427 1372 1501 1441 fine.

258 1489 319 1575 (18)
342 1492 422 1556 licio
449 1488 581 1556 redeunt
608 1488 731 1573 priores
760 1496 860 1554 metus
889 1484 1046 1571 postulato
1067 1484 1236 1551 maiestatis
1259 1486 1407 1553 Considio
1428 1491 1506 1553 Pro·

171 1606 263 1682 cnlo;
299 1603 354 1690 qni
381 1601 468 1669 nuile
495 1622 613 1688 pavore
635 1604 718 1667 diem
741 1599 875 1668 natalem
896 1596 1058 1666 celebrans
1079 1605 1186 1683 raptus
1206 1597 1240 1663 in
1261 1598 1398 1676 curiam,
1421 1599 1542 1684 pari-so

171 1726 285 1804 terque
307 1718 470 1782 damnatus
491 1713 746 1799 interiectusque.
795 1722 827 1779 et
855 1711 960 1779 sorori
982 1710 1051 1777 eius
1072 1712 1202 1777 Sanciae
1223 1731 1302 1799 aque
1324 1720 1418 1799 etque
1439 1711 1505 1799 igni

168 1831 386 1903 interdictum,
408 1835 573 1895 accusante
595 1829 635 1905 Q.
651 1827 837 1912 Pomponio.
888 1824 916 1890 is
938 1823 1080 1895 moribus
1102 1823 1227 1911 inquies
1248 1828 1326 1890 haec
1347 1835 1377 1892 ct
1398 1823 1505 1892 huius·

170 1944 296 2008 cemodi
317 1962 336 2008 a
359 1963 392 2006 se
414 1939 547 2007 iactitsri
566 1937 807 2027 praetendebat,
830 1946 865 2003 ut
887 1943 976 2026 parta
998 1940 1082 2024 apud
1104 1939 1278 2023 principem
1302 1937 1398 2024 gratia
1419 1939 1504 2026 peri·

170 2055 251 2121 cuiis
273 2053 437 2141 Pomponii
460 2051 595 2120 Secundi
616 2051 721 2119 fratris
743 2055 934 2118 mederetur.
972 2052 1066 2116 etiam
1088 2049 1121 2116 in
1140 2052 1321 2136 Pompeiam
1335 2053 1505 2119 Macrinam

168 2167 317 2235 exsilium
339 2169 494 2245 statuitur,
526 2166 615 2233 cuius
637 2166 784 2231 maritum
805 2162 1006 2249 Argolicum,
1030 2182 1176 2230 socerum
1199 2166 1373 2240 Laconem,
1398 2186 1416 2229 e
1437 2165 1541 2248 pri-as

1561 1214 1612 1273 tit.
1629 1204 1691 1277 ister.
1706 1192 1802 1291 dim

238 2379 265 2428 t.
284 2375 462 2440 icenmutcres
478 2375 518 2428 tt.
538 2398 569 2415 -
587 2375 614 2426 t.
634 2375 813 2439 [detonuerit.
836 2399 865 2413 -
882 2371 911 2424 ’1.
931 2371 1158 2424 intuentia
1184 2395 1211 2408 -
1232 2372 1276 2423 12.
1298 2373 1329 2437 Q.
1342 2372 1389 2425 dt:
1409 2373 1505 2438 Quinto

167 2449 200 2499 lt.
222 2472 254 2485 -
273 2449 315 2500 tt.
329 2449 438 2500 scitisne
448 2449 487 2500 it.

162 2644 215 2696 per
232 2629 260 2681 S.
282 2628 308 2681 G.
334 2630 483 2694 concussi,
511 2634 542 2681 vt
567 2630 727 2695 immutent
751 2630 818 2680 dves
854 2626 987 2681 vendendi
1000 2627 1102 2692 cognita
1114 2661 1122 2686 ,
1135 2626 1294 2681 simulabant
1306 2628 1357 2680 sibi
1371 2640 1424 2681 non
1437 2642 1504 2692 opus

160 2711 375 2775 patrimonii
400 2718 490 2774 portes
515 2712 544 2760 in
568 2711 623 2761 scic
650 2710 816 2770 estimarent,
854 2713 922 2773 agris
941 2713 967 2758 ct
984 2707 1035 2758 aiia
1053 2708 1163 2768 simiits,
1190 2714 1220 2759 ut
1239 2708 1285 2771 iit,
1312 2716 1439 2772 utquam
1457 2713 1505 2761 mi-

164 2792 296 2842 debitores
314 2791 420 2840 totidem
439 2790 605 2841 enuntient
627 2792 718 2840 stetim
738 2790 818 2841 scive-
854 2793 924 2839 nime
944 2791 1027 2851 pretio
1047 2795 1174 2840 emerent.
1207 2788 1277 2840 Ean.
1316 2789 1424 2854 (ditias,
1454 2802 1504 2843 nec

163 2876 247 2929 rents
279 2882 331 2932 qua
349 2878 479 2931 postrema
498 2873 699 2931 constitutione,
727 2870 817 2921 utad-
855 2878 941 2919 tamen
969 2881 1046 2929 vere,
1076 2867 1162 2919 iocum
1183 2868 1357 2921 diidciiicrem
1377 2873 1504 2931 interpro-

164 2957 243 3003 notat
261 2950 403 3007 liuebner.
423 2953 538 3011 priorem
557 2954 664 3014 exsequi
684 2963 760 3011 posse
780 2950 816 3002 ie·
855 2956 924 3001 tatur
951 2947 1063 3012 Seyffert
1091 2949 1221 3000 Emendd.
1250 2949 1314 3000 Tac.
1343 2949 1364 2999 t.
1390 2963 1419 3014 p.
1448 2949 1502 3000 252

164 3030 334 3084 neratoribus
350 3030 470 3080 dabatur.
508 3030 593 3081 Fessus
611 3030 681 3091 apud
695 3029 815 3080 Tacitum
854 3029 956 3079 «Taciti
976 3028 1054 3080 verba
1074 3027 1142 3079 ciare
1160 3029 1256 3081 docent
1269 3030 1399 3092 signatum
1412 3042 1504 3094 arqen-

164 3119 226 3172 est,
255 3110 327 3174 quod
353 3122 401 3159 nos
426 3109 535 3160 dicimus
554 3110 815 3174 senonicensem,
854 3116 910 3160 tum
928 3114 975 3159 aut
992 3108 1096 3159 notium
1114 3115 1160 3161 aut
1178 3108 1232 3160 iere
1252 3108 1353 3160 noiium
1366 3110 1436 3170 apud
1451 3112 1503 3171 pri·

164 3199 253 3244 totum
282 3192 465 3251 patrimonium
494 3185 638 3253 (exceptis,
658 3195 687 3240 ut
714 3202 761 3252 per
788 3201 816 3239 se
854 3196 928 3242 vetos
956 3187 1048 3240 tuisse.
1084 3188 1140 3239 iarn
1166 3189 1254 3247 unde,
1282 3202 1399 3251 quaeso.
1426 3202 1502 3242 arcae

162 3272 338 3334 inteiiiqitur,
359 3267 455 3332 iendis)
475 3268 814 3332 subienorepcsitum.-
854 3271 913 3323 iiiae
946 3267 1058 3320 retectae
1094 3271 1120 3318 tn
1151 3267 1329 3320 feneratorum
1359 3269 1503 3321 domibosi

161 3353 308 3404 creditores
325 3350 477 3400 inscitiam
490 3346 668 3414 appellabunt]
688 3363 734 3413 pro
753 3349 818 3399 dus·
854 3350 904 3413 Qui
929 3348 1113 3403 dammtorum
1140 3348 1209 3401 boua
1235 3356 1370 3401 numerata
1390 3353 1503 3413 pecunia

161 3433 215 3483 bus
236 3431 288 3481 tiiis
307 3430 403 3480 tenoris
424 3430 542 3493 partibus
561 3434 707 3489 concessis,
733 3435 816 3480 totum
854 3429 995 3482 emeraoti
1024 3428 1092 3480 Num
1119 3428 1234 3480 obaerati
1262 3435 1289 3479 ct
1306 3440 1432 3481 concussa
1450 3431 1503 3482 bde

161 3513 243 3564 tenus
258 3509 628 3574 repetebantedebttoribus,
649 3511 695 3572 qui
709 3510 815 3571 proprie
853 3513 895 3562 vir
914 3516 1022 3572 paterna
1041 3522 1101 3560 arva
1121 3510 1244 3559 tuentest
1262 3509 1346 3559 immo
1366 3513 1503 3573 pecuniosi

160 3591 300 3655 appetisti
318 3588 462 3649 dicuntur,
494 3602 554 3639 curn
579 3594 691 3654 pecunia
717 3589 822 3653 credita⁴
854 3591 1031 3649 teneratores,
1057 3594 1102 3654 qui
1126 3590 1292 3652 publicorum
1317 3591 1443 3642 maiorum
1463 3593 1503 3640 in·

159 3675 195 3725 ab
215 3675 250 3722 iis
270 3674 426 3731 reposcitur.
467 3670 639 3721 Notissimum
666 3668 729 3720 titud
755 3669 815 3718 stov
855 3673 951 3722 curiosi
979 3670 1057 3720 simui
1079 3675 1210 3720 sectorum
1235 3677 1376 3732 quaestum
1396 3683 1503 3723 excree-

158 3752 322 3805 ieneratoris
342 3749 496 3810 domitant,
516 3752 614 3811 optimc
631 3751 742 3799 nomina
758 3761 813 3797 nen
854 3752 927 3802 bant.
976 3751 1028 3800 iam
1061 3763 1121 3800 com
1147 3749 1295 3800 debitorum
1332 3750 1410 3803 turba
1441 3765 1503 3803 suos

157 3829 325 3895 appetiondo
337 3829 395 3893 ficri
412 3830 493 3879 moin.
523 3828 577 3880 Cir.
597 3832 677 3879 etiam
696 3827 750 3879 Cis.
767 3839 813 3887 pro
855 3845 928 3897 egros
947 3830 1093 3882 distrahere
1113 3831 1274 3893 trepidaret,
1294 3831 1381 3881 nutius
1401 3839 1504 3894 emptor

157 3913 232 3963 liab.
252 3910 326 3960 Post.
346 3908 398 3960 17:
429 3909 543 3959 seudum
561 3908 677 3970 coicere,
708 3913 770 3959 item
789 3921 814 3959 r.
858 3913 1008 3969 assisteret,
1029 3910 1305 3973 quippecreditores.
1324 3911 1505 3975 quisoiicpi-

157 3994 312 4056 proprium.
334 4013 364 4024 -
395 3986 620 4053 minnerepdem]
651 3992 672 4040 ei
691 3986 816 4040 solvendo
854 3991 903 4042 bus
916 3988 1066 4053 poliebant.
1086 4001 1189 4041 omnem
1203 3994 1341 4051 pecuniam
1354 3990 1503 4042 mercandis

157 4086 218 4131 non
240 4069 372 4127 inissent:
402 4069 477 4119 ibren
496 4066 634 4119 Creditis
656 4068 814 4119 acivcdcbcn.
854 4074 939 4135 agris,
959 4072 1004 4134 qui
1023 4068 1073 4119 sub
1092 4070 1166 4120 basta
1183 4070 1383 4131 vendebantur,
1411 4072 1502 4122 condi·

156 4145 709 4209 —condideront10mnempecunism,
737 4160 815 4212 quarn
854 4150 955 4202 derant.
992 4148 1060 4201 Nam
1079 4150 1155 4212 apris
1173 4151 1299 4212 imprimis
1318 4151 1502 4203 damnatorum

157 4232 347 4296 qualicunque
385 4230 463 4279 modo
491 4228 663 4291 redegerant,
699 4231 726 4277 tn
756 4240 816 4279 arca
855 4230 923 4280 bona
943 4228 1173 4279 continebantur.»
1210 4231 1317 4281 Atnoo
1338 4235 1502 4283 retractus

156 4312 318 4366 conditam,
335 4307 361 4357 id
381 4316 437 4365 est,
458 4314 604 4367 servatam,
626 4307 766 4365 tenebant,
788 4313 817 4358 ut
853 4310 896 4361 bic
916 4314 1045 4370 interpres
1063 4308 1176 4359 attendit
1194 4308 1227 4361 ad
1247 4323 1287 4362 vv.
1308 4310 1345 4359 cd
1362 4311 1410 4362 boc
1427 4324 1503 4362 senc·

155 4392 311 4456 paratiores
322 4396 409 4439 essent
421 4388 454 4440 ad
468 4390 633 4438 occasionem
648 4389 715 4440 bene
728 4400 815 4440 entett·
854 4386 976 4452 tuscet.)
1010 4415 1039 4427 -
1069 4401 1119 4452 per
1137 4387 1257 4454 meuses]
1290 4393 1340 4442 iiio
1365 4391 1418 4452 58,
1445 4392 1499 4443 it:

155 4473 203 4531 di,
239 4467 348 4532 quando
367 4475 473 4520 senatus
493 4469 641 4518 consultum
660 4468 724 4519 titud
749 4473 816 4519 esset
852 4468 995 4531 δισχιλίας
1007 4468 1057 4520 xcvi
1073 4472 1267 4534 πεντακοσίας
1281 4466 1426 4542 μυριάδας
1444 4472 1501 4531 (rni-

154 4547 386 4613 exsequendum
418 4547 514 4598 auitam
534 4550 611 4612 igitur
630 4551 680 4598 iam
704 4548 815 4611 petenti·
853 4549 900 4600 iies
921 4548 954 4599 H.
975 4547 1017 4611 8.)
1053 4547 1092 4617 sqi
1119 4548 1251 4618 δημοσίῳ
1278 4544 1400 4608 ἔδωκεν.
1431 4544 1501 4601 ὥστ’

153 4632 209 4683 bus
225 4633 346 4678 mutuam
360 4626 473 4683 dabaat;
486 4620 630 4679 mercandis
642 4634 729 4679 autem
743 4628 816 4692 curis
853 4623 948 4692 αὐτὰς
965 4620 1014 4679 ὑπ’
1031 4623 1146 4699 ἀνδρῶν
1156 4623 1324 4700 βουλευτῶν
1336 4623 1421 4680 eisovi
1439 4633 1501 4692 τοῖς

153 4711 266 4773 eapitca
299 4708 348 4758 esd
379 4708 534 4759 mercandus
566 4721 667 4770 agros.»
714 4707 815 4759 Locum
852 4706 1004 4774 δεομένοις
1029 4705 1059 4772 ἐς
1089 4708 1155 4780 spice
1184 4701 1237 4774 ἔτη
1266 4705 1499 4773 deduceremus.

154 4791 269 4857 egregie
289 4793 409 4840 tractavit
426 4790 449 4838 i.
469 4790 511 4839 Fr.
533 4788 679 4839 Gronovius
698 4789 815 4840 indiae·
853 4787 951 4839 Verum
980 4788 1030 4838 boc
1057 4799 1119 4839 sane
1148 4787 1380 4840 extraordinarium
1404 4798 1501 4838 munus

154 4876 223 4922 tissa
238 4868 273 4918 dc
285 4879 343 4928 pec.
358 4874 409 4919 ret.
425 4867 489 4930 Cap.
505 4869 530 4918 1.
545 4882 572 4931 p.
592 4868 653 4918 cst.
669 4892 697 4905 -
713 4870 815 4931 copiam
853 4867 1020 4920 senatoribus
1039 4866 1149 4923 datum:
1172 4880 1232 4917 nam
1249 4867 1352 4918 soiitsm
1371 4868 1499 4928 pecuniae
1603 4906 1610 4920 .

152 4942 305 5010 vendendi]
326 4949 388 5011 quis
408 4947 540 5000 debitores
553 4953 605 4997 tam
619 4948 658 4997 vei
671 4946 715 4998 riii
729 4950 814 5008 pretio
854 4948 974 5010 publicae
1000 4947 1253 4999 administrationem
1279 4944 1328 4995 sub
1353 4947 1499 5009 quaestori·

153 5029 272 5094 praedia
285 5040 335 5078 sua
348 5026 461 5078 rendere
471 5029 553 5079 coacti
568 5033 650 5079 erant.
665 5050 694 5062 -
708 5028 815 5090 seprius
853 5027 900 5080 bus
920 5026 1050 5080 babebant
1070 5027 1195 5078 triumviri
1215 5025 1348 5077 mensarii.

152 5105 357 5173 distrobstanti
384 5104 453 5175 Quia
480 5113 631 5173 emptores,
659 5109 814 5161 necessitate
886 5107 930 5159 iti.
958 5103 1226 5169 semronmaron]
1251 5104 1292 5157 lie
1310 5104 1361 5157 boc
1379 5110 1406 5160 et
1421 5104 1500 5159 Pom·
