3682 5872
1464 483 1518 541 ati

260 636 417 704 (letam
439 654 514 704 oum
536 636 724 702 nonantula
738 636 837 702 least
852 635 1016 721 inspioera
1029 631 1184 702 Banrltrdi
1198 629 1397 726 catalogum
1409 629 1517 702 codd.

173 751 288 817 imm
309 750 394 817 iitoi
422 751 539 831 laun,
568 749 862 834 operaepretium
890 766 966 814 esse
993 747 1187 831 videbatur,
1216 751 1254 815 ut
1275 747 1420 838 diigem
1445 747 1518 815 eina

177 859 361 949 descriptio
382 859 541 931 &deun
556 862 821 927 florentinorum
837 862 1089 948 praecipuorum
1103 860 1270 930 adiunctis
1291 863 1389 928 wem
1411 862 1519 926 tribus

175 978 246 1041 illis
271 976 533 1059 reeentioribm,
565 992 701 1061 qnorum
730 972 815 1040 daos
833 974 991 1041 Baiterus
1019 975 1160 1042 aomulit
1181 977 1215 1040 ln
1238 973 1362 1062 duplici
1383 973 1519 1042 defectu

174 1087 262 1156 sod.
277 1089 322 1154 ll.
344 1089 435 1154 llist.
450 1091 478 1154 l.
492 1082 568 1155 62:
588 1088 692 1154 bilem
706 1091 952 1170 imperatorem
967 1106 1072 1174 usque
1091 1086 1135 1153 ad
1149 1083 1185 1156 G.
1202 1084 1282 1154 ibn
1302 1088 1366 1156 sub
1383 1082 1519 1155 Otiooue

173 1206 372 1283 marmana,
394 1205 428 1269 el
444 1202 531 1267 lliat.
549 1202 577 1267 i.
592 1195 674 1266 aba
696 1204 816 1287 inopia
837 1206 1003 1291 plaeetne
1025 1218 1131 1288 usque
1148 1198 1192 1267 ad
1209 1200 1256 1267 11.
1275 1196 1332 1265 2.:
1356 1198 1519 1271 limam

174 1320 213 1381 at
236 1308 411 1403 lbpprmn,
433 1312 488 1381 bie
506 1315 714 1380 inserantur
732 1332 777 1379 ex
800 1308 911 1383 Catal-
928 1314 1004 1381 Vol.
1025 1314 1071 1380 ll.
1093 1333 1125 1400 p.
1146 1311 1237 1381 atii.
1256 1332 1350 1401 seqq.

744 1506 902 1581 conax
930 1512 959 1581 i.

701 1633 862 1703 Pnuamue
882 1654 1001 1703 uariat.

621 1752 866 1825 cassantur
886 1757 1084 1825 Taorrns.

260 1906 379 1976 Codex
410 1910 464 1975 est
485 1905 750 1998 anepigrapbus,
786 1904 847 1974 sed
872 1909 1024 1977 eontinet
1048 1905 1194 1975 Cornelii
1218 1905 1327 1976 Taciti
1351 1906 1455 1977 libros
1480 1906 1523 1977 V.

172 2013 262 2103 (vi.
277 2020 355 2086 inde
376 2040 398 2087 a
419 2011 558 2105 lipsio)
581 2019 714 2087 eosdem
735 2021 900 2103 nimirum,
933 2040 1017 2109 qnos
1037 2021 1071 2087 ln
1090 2019 1271 2090 Germania
1292 2022 1466 2110 inventos,
1486 2024 1522 2089 et

172 2135 286 2201 ireoni
307 2131 352 2199 X.
386 2132 486 2200 l’ont.
508 2130 604 2200 Max.
627 2134 758 2199 oblatos
773 2133 801 2207 ¹)
823 2135 895 2220 ipse
919 2135 990 2201 Leo
1013 2135 1048 2200 ln
1072 2132 1228 2222 Epistola
1251 2132 1296 2202 ad
1321 2133 1523 2204 Beroaldnm

176 2250 341 2334 impressa
364 2248 398 2312 in
419 2245 565 2313 editione
583 2240 793 2333 Romana'l,
823 2247 952 2313 latetur
976 2265 1098 2339 magno
1123 2267 1161 2316 se
1186 2249 1295 2337 pretio
1321 2247 1523 2340 redemisse,

177 2366 213 2426 et
233 2359 280 2427 ad
295 2379 496 2427 commanem
516 2358 738 2425 studiosorum
761 2360 937 2427 utilitatem
959 2361 1192 2447 imprimendos
1211 2381 1358 2431 curasse.
1380 2362 1482 2430 Liber
1495 2362 1523 2429 i.

175 2476 243 2541 ine.
261 2470 318 2538 Ab
341 2491 487 2539 emeram
510 2470 590 2538 Divi
606 2469 761 2559 napum
781 2471 901 2540 turbem
922 2472 1072 2541 Romam
1090 2495 1114 2541 a
1133 2480 1305 2563 principio
1331 2495 1430 2566 repes
1452 2474 1523 2543 ba-

177 2586 293 2652 broere.
326 2584 426 2652 iiber
440 2584 481 2651 V.
505 2583 574 2650 dei.
595 2590 779 2676 postquam
801 2590 932 2651 remoto
952 2587 1085 2669 pudore
1116 2593 1152 2655 et
1170 2594 1266 2657 metu
1290 2609 1354 2658 mo
1383 2593 1524 2658 tantum

175 2702 319 2786 tripertio
347 2698 522 2764 utebatur.
574 2698 708 2765 Adsunt
737 2702 770 2763 in
808 2699 956 2789 margine
986 2701 1092 2786 ipsius
1124 2700 1283 2769 Beroaldl
1318 2709 1353 2770 et
1383 2704 1523 2770 allorum

173 2809 383 2877 eruditorum
405 2812 550 2877 virorum
571 2812 815 2899 castigationes
836 2815 871 2878 et
893 2818 1131 2881 correctiones.

262 2923 400 2990 interim
419 2923 484 2991 boo
502 2925 578 2991 loeo
597 2923 792 3006 notandam,
815 2926 879 2991 iam
900 2925 1027 3011 pridem
1042 2928 1212 2997 Nieoolum
1227 2947 1381 3015 eumsse,
1412 2934 1451 2997 nt
1470 2949 1522 3017 ea,

177 3054 265 3124 quae
285 3034 580 3122 desiderabantur,
609 3036 717 3104 'laciti
743 3057 846 3125 opera
875 3040 909 3105 in
933 3039 1113 3108 Germania
1136 3044 1373 3129 reperirentur.
1417 3039 1519 3113 Siaeo

174 3149 389 3217 Polentonns
410 3146 701 3237 descriptoribus
723 3150 907 3219 illustribus
928 3153 1070 3220 Latinae
1091 3154 1227 3245 linguae
1249 3155 1292 3222 ad
1315 3154 1521 3246 Polydorum

173 3264 276 3330 dlium
292 3264 366 3331 lilb.
379 3264 439 3331 Vl.
453 3283 497 3331 ex
511 3263 598 3331 Mas.
612 3262 835 3330 illecardiano
851 3266 898 3331 ita
915 3265 959 3332 ad
972 3265 1060 3333 hane
1075 3285 1144 3334 rem
1164 3267 1299 3337 serlbll:
1327 3268 1519 3338 «Librorum

174 3380 269 3445 elus·
281 3369 420 3460 (asciti
434 3370 576 3464 nempe)
596 3396 783 3443 «numerum
797 3377 961 3445 affirmare
976 3382 1061 3446 satis
1075 3384 1168 3447 berte
1183 3400 1252 3447 non
1265 3381 1384 3449 audeo.
1404 3383 1520 3474 Frag-

174 3496 293 3560 menta
321 3487 450 3578 quidem
477 3490 568 3557 Libri
594 3488 776 3579 undecimi,
812 3495 848 3558 et
879 3492 1026 3580 reliquos
1057 3492 1217 3581 deinceps
1244 3493 1289 3561 ad
1322 3496 1518 3586 vigesimum

172 3609 317 3694 primum
331 3604 425 3691 vidi,
446 3605 574 3692 inquis
597 3605 669 3679 vita
689 3598 836 3687 Claudii,
857 3605 892 3670 et
917 3607 972 3691 qni
992 3603 1129 3673 luerunt
1150 3614 1268 3694 postea
1287 3605 1519 3698 Gaesaresad

172 3719 421 3806 Vespasianum
443 3736 570 3807 usqua,
600 3722 733 3801 ornate,
762 3720 801 3783 ut
823 3716 910 3802 dixi,
944 3736 986 3786 ae
1008 3720 1146 3805 copiose
1170 3720 1314 3787 ornavit.
1355 3719 1519 3810 lleliquoa

171 3852 259 3901 vero
282 3850 360 3900 esse
378 3850 489 3919 neque
510 3833 544 3897 in
567 3835 659 3898 terra
686 3830 786 3897 ltalia
807 3849 915 3917 neque
945 3832 979 3897 in
1005 3828 1097 3899 Orbe
1118 3851 1255 3920 usquam
1276 3832 1397 3917 audio,
1429 3834 1518 3922 quod

173 3944 448 4035 quemadmodum
462 3946 621 4033 pleraque
646 3945 712 4011 alia
726 3947 866 4034 egregia
887 3946 922 4009 et
942 3945 1035 4011 alara
1055 3944 1242 4031 volumina,
1265 3947 1376 4031 operis
1396 3965 1518 4039 magna

178 4079 254 4145 pars
274 4062 336 4126 ant
350 4059 484 4145 pertitus
497 4056 609 4125 deleta
627 4058 690 4142 sit,
707 4059 770 4124 aut
788 4059 835 4123 tta
849 4057 917 4122 uilo
937 4070 1067 4143 quoque
1087 4058 1122 4122 in
1135 4058 1260 4148 angulo
1274 4058 1388 4127 abdita
1401 4060 1517 4152 lateat,

183 4173 265 4260 qual
285 4175 377 4242 istnc
396 4188 474 4240 esse
496 4172 663 4262 cognitum
684 4190 706 4237 a
728 4170 857 4238 nemine
878 4169 1042 4236 babeatnr
1061 4172 1144 4236 oet·

259 4287 347 4357 Cum
363 4287 477 4374 itaqua
493 4286 596 4353 muita
611 4302 653 4353 en
664 4283 777 4354 Taciti
791 4283 948 4370 operibns
962 4280 1136 4370 deessent,
1157 4287 1195 4350 nt
1208 4282 1337 4353 mocon
1350 4287 1517 4356 naturitati

242 4509 272 4579 1)
296 4511 343 4565 ito
358 4512 444 4566 'imitt
471 4517 546 4577 pano
567 4522 585 4565 a
603 4508 701 4577 Pagala
715 4508 883 4563 limaeioitno
908 4511 937 4562 in
956 4506 1097 4561 Germania
1122 4510 1244 4573 annuite
1269 4508 1448 4565 morannum
1474 4511 1515 4567 ct.

170 4603 273 4659 um
299 4604 328 4655 in
345 4600 431 4656 imai.
449 4601 485 4656 ad
501 4600 633 4655 ambrorii
650 4599 770 4657 cauam.
788 4599 860 4665 app.
879 4611 939 4664 m.
958 4597 1067 4650 xlvii.
1110 4599 1152 4653 ba
1178 4602 1300 4666 anianae
1318 4598 1404 4654 hetti
1422 4600 1518 4655 Libro·

172 4706 235 4747 anm
251 4694 410 4746 masadam
432 4691 546 4747 ridenda
564 4690 685 4756 Epistola
702 4691 777 4744 Beati
795 4690 915 4743 libonmi
940 4686 974 4741 ad
992 4687 1122 4743 Tironem
1145 4689 1281 4754 Kappium
1302 4689 1514 4753 barlaamum,

176 4781 328 4835 mmmmm
346 4786 442 4835 artium
460 4783 635 4848 maturiorem
654 4787 706 4835 eet.
742 4779 862 4833 basileae
878 4777 929 4829 ill.
948 4776 1008 4829 Kal.
1026 4776 1110 4843 ilprii.
1128 4776 1241 4831 iinxv.
1261 4790 1320 4844 pua.
1338 4779 1386 4833 lv.
1404 4782 1515 4833 lionam

176 4872 279 4927 debias
299 4876 453 4939 tamenim
480 4870 513 4923 ad
529 4870 697 4924 innotarum
722 4867 756 4923 da
773 4866 907 4921 ”domnia
931 4865 960 4919 8.
979 4866 1013 4937 it.
1033 4864 1067 4920 a.
1087 4864 1166 4920 card·
1185 4867 1388 4922 Votrtormnnm
1405 4866 1515 4930 tiptsao·

171 4976 242 5032 pu
261 4970 409 5019 munos
421 4964 566 5026 errantis,
585 4972 656 5028 anau
674 4964 736 5017 runt
751 4957 858 5013 naon.
870 4952 933 5009 tit.
952 4956 1091 5011 moer
1108 4958 1137 5011 ia
1149 4955 1195 5012 iol.
1208 4956 1335 5014 11111111.
1348 4956 1513 5025 damam,

170 5067 250 5110 me
266 5055 392 5109 tiodiem
408 5052 450 5106 ΡΙ.
469 5050 526 5106 xc.
544 5065 605 5117 ano.
624 5051 691 5107 cod.
710 5049 755 5105 lt.
774 5061 834 5116 pra.
851 5048 897 5101 lt.
916 5046 944 5100 b.
1327 5036 1329 5041 ’

248 5152 280 5223 a)
297 5153 373 5209 lirae
392 5152 538 5209 odilonem
555 5150 663 5211 amitat
679 5150 769 5209 codsa
784 5147 836 5206 111.
854 5148 965 5207 butum
981 5144 1080 5205 liniat.
