3700 5880
576 470 696 549 nobo
715 482 788 551 xu.
832 484 909 569 cap.
932 479 984 547 tr.
1009 479 1062 546 ts.
1086 481 1138 546 se.
1458 462 1524 543 ess

189 658 283 721 rum,
306 651 339 711 et
358 643 387 711 ei
408 647 449 711 eb
469 663 536 710 uno
555 651 759 729 regerentur,
789 642 991 709 intentiorem
1011 639 1081 707 iore
1094 638 1296 727 ‘disciptinem
1318 641 1524 705 adseverante

188 774 308 835 uxore,
342 755 531 825 irensiertor
554 759 698 842 regimen
727 756 903 824 cohortium
931 752 970 822 ed
997 758 1132 821 burrum
1162 754 1340 827 tironium,
1375 752 1525 837 egregios

189 869 335 938 miiiierie
355 869 473 948 iemee,
497 890 628 957 puerum
647 878 754 936 umen
775 872 863 935 euius
884 876 996 957 sponte
1019 868 1252 956 praeficeretur.
1282 885 1374 932 suum
1397 874 1525 953 quoquo

187 982 349 1070 festigium
371 984 540 1071 Agrippino
557 982 708 1050 extollere
723 983 833 1051 eitius:
857 989 1005 1070 serpente
1020 980 1208 1066 Capitolium
1223 978 1363 1065 ingredi,
1386 978 1441 1067 qui
1455 992 1525 1044 mos

190 1096 406 1164 sacerdotibus
420 1106 452 1163 et
469 1096 565 1163 eserie
586 1096 756 1183 antiquitus
778 1117 946 1164 concessus
964 1096 1202 1161 venerationem
1224 1096 1357 1177 sugebat
1376 1090 1550 1163 inminens

187 1230 285 1300 quem
306 1211 497 1299 imperetore
520 1210 671 1296 genitum,
704 1228 848 1278 sororem
870 1210 938 1275 eius
960 1210 1015 1296 qui
1035 1226 1142 1275 rerum
1164 1209 1282 1295 potitus
1303 1208 1344 1271 eit
1364 1211 1396 1271 et
1417 1206 1527 1272 coniu-

187 1344 262 1410 gem
285 1333 316 1390 et
336 1333 467 1390 metrem
489 1323 602 1399 sobre,
623 1326 754 1391 unicum
775 1322 816 1390 ed
836 1325 922 1389 hune
942 1324 1027 1389 diem
1048 1320 1229 1409 exempiom
1250 1324 1309 1386 est.
1339 1319 1423 1385 inter
1444 1336 1526 1403 quoe

190 1442 378 1528 proecipuus
399 1446 617 1526 propugnator
638 1437 705 1504 eius
726 1436 889 1515 Vitellius,
913 1435 1104 1503 validissime
1127 1433 1238 1520 gretie,
1260 1441 1361 1499 eetote
1384 1440 1526 1497 extreme

192 1551 284 1636 (odeo
304 1552 444 1617 ineertee
466 1561 538 1618 sunt
551 1551 729 1636 potentium
744 1549 806 1636 res)
828 1551 1027 1616 recusatione
1042 1547 1230 1636 corripitur,
1254 1545 1419 1613 deferente
1433 1545 1524 1610 iunio

188 1668 281 1752 Lupo
309 1673 465 1731 senstore.
501 1664 689 1730 incrimine
716 1663 886 1729 meiestetis
914 1670 946 1728 et
973 1659 1152 1749 cupidinem
1178 1660 1305 1748 imperii
1333 1655 1523 1725 obieetebet.
1536 1675 1566 1715 to

188 1777 451 1865 praebuissetque
472 1797 564 1843 eures
586 1778 716 1853 Geessr,
740 1776 801 1842 nisi
816 1776 1006 1862 Agrippinae
1028 1774 1119 1840 minis
1141 1773 1240 1859 mugio
1262 1791 1355 1860 quem
1377 1771 1526 1860 preoibtre

189 1897 330 1957 mumius
352 1899 448 1967 esset,
471 1901 507 1955 ut
527 1892 701 1957 eoeusutori
722 1908 803 1976 oque
825 1898 918 1979 atque
939 1888 1004 1976 igni
1026 1886 1239 1954 interdiceret.
1262 1888 1417 1953 bsoieoue
1430 1884 1529 1952 viset-

188 2003 252 2071 iiue
278 2003 431 2071 voluerut.

279 2115 341 2203 (ts)
364 2120 460 2184 iiuite
481 2139 521 2184 eo
543 2139 626 2183 suno
648 2115 793 2204 prodigis
815 2135 961 2183 evenere.
997 2117 1151 2181 insessum
1174 2117 1251 2182 diris
1272 2111 1382 2181 eribus
1403 2110 1529 2201 Cupito-

188 2230 286 2307 iium,
322 2231 442 2297 crebris
468 2239 571 2298 terroe
599 2230 736 2297 motibus
757 2237 908 2314 prorutae
928 2228 1060 2306 domus,
1098 2248 1135 2295 eo
1156 2231 1231 2295 dom
1253 2228 1345 2295 iatius
1365 2214 1525 2303 metuitur,
1536 2236 1565 2280 υ

188 2341 402 2428 trepidatione
424 2342 510 2429 voigi
531 2344 686 2410 invalidus
701 2344 835 2430 quisque
849 2343 969 2408 obtriti.
995 2340 1120 2426 frugum
1135 2362 1262 2428 quoque
1277 2349 1401 2426 egestas
1414 2347 1447 2405 et
1460 2346 1529 2405 orte

187 2477 233 2523 ex
254 2476 294 2523 eo
315 2458 416 2523 irrues
437 2458 470 2522 iu
491 2456 670 2544 prodigium
692 2458 915 2539 recipiebatur.
946 2476 1006 2520 neo
1028 2457 1142 2521 occulti
1163 2463 1283 2521 mutum
1306 2461 1446 2541 questus,
1469 2449 1527 2519 sed

188 2570 261 2637 iure
282 2569 468 2636 reddentem
491 2569 652 2638 Claudium
681 2573 908 2637 circumvasere
937 2569 1128 2634 clamoribus
1157 2564 1307 2644 turbidis,
1339 2568 1529 2655 pulsumque

188 2684 225 2750 in
253 2692 427 2750 extremum
456 2682 518 2749 sori
547 2694 669 2771 purtem
698 2687 730 2750 vi
759 2679 946 2768 urguebunt,
980 2684 1080 2748 donee
1111 2681 1244 2748 miiitum
1267 2682 1363 2766 giobo
1386 2677 1528 2745 intensos

187 2797 346 2884 perrupit.
371 2795 549 2883 quindecim
571 2798 694 2864 dierum
709 2798 856 2863 alimento
873 2792 962 2873 urbi,
989 2817 1053 2861 noo
1070 2795 1220 2880 emplius,
1243 2792 1438 2878 superfuisse
1455 2803 1570 2859 eon-⁸⁰

260 2960 286 3010 1.
307 2960 363 3010 ode.
383 2960 429 3013 bis
449 2974 504 3012 oss.
524 2961 555 3012 lt.
580 2987 609 2999 -
628 2961 655 3011 2.
676 2963 778 3027 sps-epis
795 2961 834 3013 bt.
854 2986 886 2996 -
906 2960 932 3012 ³.
950 2960 1121 3024 proficeretur
1140 2972 1187 3021 per
1205 2966 1292 3010 notem
1310 2957 1349 3010 bi.
1369 2980 1400 2994 -
1420 2956 1447 3007 4.
1464 2952 1529 3020 mos]

188 3032 272 3082 booos
289 3030 399 3082 Ursinus
419 3032 495 3095 prob.
516 3033 637 3083 Ernestio
656 3045 688 3084 ee
715 3032 912 3083 Doederietnio.
942 3054 973 3067 -
1000 3031 1026 3081 8.
1046 3037 1116 3083 stote
1132 3031 1171 3081 bt.
1201 3057 1233 3068 -
1261 3030 1303 3081 15.
1325 3032 1454 3092 prerupto
1472 3026 1531 3091 (ste)

187 3102 228 3154 bi·
251 3129 283 3141 —
302 3102 345 3153 io.
366 3112 423 3152 orte
442 3116 482 3164 pr.
501 3103 540 3154 bi.
562 3129 590 3141 -
613 3102 656 3154 tii.
674 3104 824 3168 respuebant
841 3102 886 3155 bis
912 3102 1042 3167 serpebant
1060 3102 1092 3153 lt.
1112 3127 1144 3138 -
1162 3101 1249 3153 Eebet
1266 3098 1383 3162 intensos
1400 3096 1450 3160 ti,
1478 3110 1532 3149 noe

188 3174 301 3238 detestor
318 3173 468 3226 Puteotent.

187 3309 304 3364 §condet
322 3322 380 3359 esses
397 3311 481 3360 todia
497 3311 602 3374 utrptsu
619 3312 756 3375 pontifex,-
781 3323 842 3374 ergo
879 3308 1026 3361 simuieoris
1055 3307 1181 3368 deorum,
1211 3319 1281 3371 quse
1306 3316 1403 3369 pompe
1420 3305 1531 3355 eiroeesi

189 3404 240 3454 per
264 3402 373 3451 pompus
392 3397 464 3443 reete
482 3389 623 3442 sotiemnee
641 3393 789 3456 antiquitus
815 3394 841 3441 tn
880 3389 983 3439 treduei
1002 3391 1029 3438 io
1042 3393 1174 3450 serpentis
1186 3391 1266 3439 moris
1279 3386 1369 3437 ioertt.
1399 3383 1532 3437 sedisse

192 3469 352 3532 Cepttotiusn
365 3473 498 3530 serpentis
510 3484 563 3521 non
576 3470 754 3529 rebebenturr
770 3471 842 3521 unde
879 3468 1000 3521 rehteuie
1027 3469 1229 3530 eppeitebeutur
1256 3473 1360 3526 testeae,
1390 3476 1445 3516 non
1472 3477 1531 3515 eer-

190 3551 264 3613 qood
296 3550 404 3601 Tettius
433 3551 500 3601 dtett
527 3550 618 3602 etitem
645 3550 841 3602 extendendum
879 3554 969 3612 peseto
1003 3547 1132 3610 Quociree
1151 3548 1246 3598 meiius
1263 3560 1295 3597 es
1314 3545 1405 3597 iitoois
1422 3542 1534 3607 devoir

189 3635 271 3680 etiem
291 3630 324 3681 ed
343 3637 443 3682 soteres
461 3631 612 3683 secerdotes
637 3630 766 3689 iemines,
798 3632 842 3682 tie·
879 3626 1062 3698 πανηγύρεσι
1094 3641 1154 3680 eum
1189 3626 1332 3679 iiuebnero
1366 3624 1529 3687 erpiioebiss

189 3712 320 3767 ntotees,
349 3712 467 3772 reginem
493 3722 639 3761 serrorum.
682 3710 723 3762 De
744 3710 841 3762 Vestrii
881 3708 971 3759 «iestis
990 3709 1102 3766 diebus,
1123 3707 1230 3771 quondo
1254 3719 1327 3758 serre
1351 3704 1478 3757 debent.»
1497 3725 1531 3741 -

189 3793 284 3852 utique
302 3788 431 3841 Prudeot.
460 3791 487 3840 tn
506 3789 606 3853 symm.
626 3792 661 3849 2,
683 3789 771 3840 roeo:
802 3792 843 3839 tn·
879 3787 1053 3851 imperatore]
1079 3788 1145 3838 bisen
1170 3786 1360 3844 Germenteus,
1391 3790 1533 3846 postquem

187 3874 276 3930 nupto
292 3868 416 3919 socordes
439 3867 536 3919 Fertor
560 3884 609 3933 per
631 3870 731 3920 modim
748 3875 779 3920 es
793 3883 843 3932 pu·
881 3871 1024 3919 exereitum
1044 3867 1166 3926 redusit,
1186 3870 1352 3929 imperetorts
1371 3877 1468 3917 nomeu
1487 3878 1535 3916 eo·

188 3947 258 3999 bitere
274 3961 374 4011 pompe
389 3949 494 4014 ptetsos
506 3949 608 4003 Piiesuo
626 3951 742 4000 residens
758 3949 842 3999 motii.
881 3955 954 3999 sture
972 3948 1080 3999 Tiberio
1099 3949 1211 4009 eoeepit.
1239 3949 1273 4005 t,
1290 3945 1335 3997 be.
1356 3966 1388 3985 v·
1416 3956 1534 3996 sorenes

188 4026 327 4093 (Ceterum
343 4028 392 4079 etr.
411 4029 462 4079 tito
474 4029 526 4089 oo,
546 4029 599 4078 Ὧι
618 4027 654 4100 τῇ
672 4027 843 4102 Μεσσαλλνῃ
880 4023 948 4090 stus]
967 4025 1110 4091 Ceitgutee.
1127 4052 1156 4066 -
1175 4022 1306 4089 senaim]
1326 4024 1455 4088 simpitet.
1474 4024 1533 4077 oot-

188 4106 246 4174 τὴν
257 4106 429 4180 προεδρίαν.
448 4104 486 4176 ἢν
497 4103 697 4174 καὶὴΑιουΐα
712 4105 842 4174 taxema,
881 4107 978 4157 tisdum
996 4106 1140 4158 bonoribus
1160 4107 1260 4158 iuncto·
1274 4130 1308 4143 -
1325 4101 1458 4168 ooieerot]
1480 4104 1533 4156 Lu·

188 4189 241 4241 esai
259 4184 294 4239 sb
316 4191 468 4259 eapssvsp
481 4186 612 4259 χρῆσθαι
633 4181 760 4239 ἔδοσαν·
787 4195 842 4239 sore
882 4200 944 4249 pum
963 4189 1062 4249 puniri.
1098 4186 1158 4250 Qus
1182 4189 1253 4238 enies
1277 4191 1333 4238 eret
1356 4189 1439 4249 eretis
1462 4183 1534 4248 epod

190 4266 255 4327 Cep.
275 4265 320 4317 13.
341 4266 375 4318 de
393 4267 554 4329 Agrippias:
586 4259 673 4333 eutr}
690 4264 746 4331 pis
766 4266 841 4329 ταχύ
881 4266 1070 4330 epipetron.
1100 4271 1229 4330 potuisset
1252 4269 1354 4319 sentire
1373 4270 1401 4318 in
1420 4274 1533 4318 mm

187 4349 241 4398 esai
259 4340 337 4411 αὐτὴ
357 4345 529 4397 Menoetius
553 4344 686 4412 ἐγένετο.
714 4347 763 4396 καὶ
783 4342 845 4410 μά·
882 4350 956 4403 eius:
987 4346 1034 4398 sesi
1064 4356 1204 4401 senterius
1231 4348 1281 4399 beo
1308 4349 1384 4412 qussi
1412 4346 1535 4409 deporte-

189 4425 277 4478 isosrs
302 4422 350 4475 dn
371 4426 422 4475 καὶ
448 4423 536 4489 τιμὰς
560 4420 651 4488 ἄλλας
677 4440 707 4476 se
728 4425 780 4476 seui
808 4423 843 4477 sd
884 4430 957 4477 ttoue
977 4427 1037 4477 tuit.

190 4502 425 4573 messstptsie)
441 4503 473 4557 ir
492 4510 555 4568 ταῖς
573 4502 755 4573 πανηγύρεσι
774 4502 846 4573 χρῆ·
916 4505 961 4555 ti.
991 4508 1058 4557 diris
1090 4501 1198 4569 ouibus]
1229 4503 1401 4565 bubonibus,
1431 4504 1533 4566 porris,

190 4585 263 4637 obas
280 4580 359 4652 παρὰ
377 4582 552 4651 τῆςβουλῆς
571 4577 699 4646 ἔλαβεν.)
728 4583 844 4647 cerpen·
882 4586 1008 4649 strigibus
1032 4592 1085 4639 eet.
1123 4586 1227 4638 «Unum
1256 4584 1419 4649 prodigium,
1450 4588 1534 4635 trinos

190 4671 279 4714 terum
299 4665 407 4728 figurem
426 4663 550 4715 exhibent
569 4666 670 4713 nummi
689 4663 772 4715 iutiee
790 4666 845 4714 bu·
883 4668 952 4720 soies
966 4665 1045 4728 (Ptin.
1060 4668 1094 4725 2,
1107 4664 1175 4731 et),
1194 4668 1284 4717 emisit
1296 4661 1533 4714 Tertius-»beon

189 4750 282 4807 gustes
295 4746 491 4807 etegsipptoee
505 4746 610 4794 metorts
625 4741 664 4802 (bt
678 4754 737 4793 eum
752 4747 845 4794 insert·
882 4773 915 4784 -
940 4748 1021 4797 iatius
1040 4743 1181 4809 metuitur]
1207 4756 1388 4810 proeessurem
1411 4754 1469 4793 esse
1487 4742 1535 4793 do·

190 4822 845 4886 prienes.r.o.1i.rtetsou1srssoitwt³1·
883 4840 984 4879 morum
1011 4829 1124 4877 ruinem.
1155 4851 1184 4864 -
1217 4819 1334 4888 praestes]
1362 4827 1456 4880 esent,
1487 4823 1533 4874 sed

189 4902 270 4954 ΝΔΕ.
283 4902 415 4954 bisermeo
425 4903 446 4951 Ι.
460 4915 485 4964 p.
496 4899 580 4965 ibit),
594 4914 706 4965 querum
720 4912 844 4964 serpente
883 4906 957 4968 piebe
982 4906 1122 4956 Cieudturn
1149 4906 1318 4956 eireumeesit
1345 4907 1396 4951 set.
1436 4900 1475 4952 iis
1495 4902 1534 4953 bis

189 4983 843 5045 teeioeroustosuperoesunteieusu.V.ttesebe
882 4988 967 5040 turbis
995 4986 1042 5037 eir.
1071 4987 1179 5036 omniuo
1207 4983 1281 5034 Suet.
1312 4978 1406 5030 Cirod·
1428 4980 1472 5031 18.
1502 5006 1531 5021 -

191 5062 256 5114 ber.
276 5062 356 5114 Num.
378 5066 404 5112 tn
422 5076 447 5114 r.
463 5061 682 5113 ostreorum
695 5086 728 5098 ·-
748 5061 841 5124 saeris}
881 5066 1030 5131 quindecim
1057 5059 1176 5124 denum]
1202 5061 1290 5112 bintus
1315 5062 1365 5110 isto
1386 5062 1534 5122 portentum

190 5142 256 5195 Post
279 5141 400 5205 Lipsium
425 5141 545 5204 plerique
574 5145 783 5205 interpretentur
810 5142 843 5194 de
881 5147 932 5201 eut
945 5145 1030 5207 oete,
1050 5156 1110 5195 eum
1129 5148 1230 5204 septem
1248 5146 1295 5195 eut
1312 5144 1372 5197 soto
1391 5142 1533 5195 eertedte·
