3642 5882
326 448 391 517 tao
713 435 903 506 CORNELII
923 436 1059 507 ulem
1078 438 1285 507 Auamma

327 608 469 668 eumue
496 604 527 663 tat
543 601 670 663 libertate
689 607 785 673 neat,
814 600 962 659 manebant
979 601 1067 665 emis
1096 606 1122 657 et
1148 601 1360 660 manumissore
1378 603 1515 661 audebant
1531 605 1563 663 ie
1579 606 1664 661 serai-

327 701 411 752 tutem
435 694 522 749 matta
546 705 591 747 eor
614 705 665 761 per
687 689 745 745 eim
762 688 869 745 mma.
907 685 1106 743 intermittat
1124 694 1238 757 praetor
1255 694 1281 749 et
1300 704 1358 747 eoo
1375 689 1550 762 permittebat
1566 706 1663 747 arura-

326 782 441 836 mirram
464 776 575 833 reretre.
614 774 652 832 Et
670 773 751 830 addit
768 775 849 845 poet:
880 769 934 829 Sed
952 788 1024 829 eane
1045 772 1145 830 iubeat
1161 774 1307 846 proprium
1327 774 1496 847 libertatem,
1526 776 1577 849 pei
1594 777 1664 834 iuter

327 866 431 924 amicos
448 862 693 925 remmittuntur,
713 864 740 916 et
757 861 826 931 itaut
843 857 940 914 bulbi
957 856 1082 918 lentari.

400 949 466 1007 Nou
485 946 634 1004 adseutior
651 960 758 1015 magua
777 942 893 1016 lipsio,
914 958 969 1001 ueu
986 943 1038 1001 iilo
1057 944 1218 1012 irapmeuto
1240 943 1389 1004 Pateraeo
1406 946 1479 1004 mibi
1496 946 1664 1019 persuaderi

326 1037 435 1113 patior,
468 1036 500 1088 ut
528 1036 587 1088 tum
611 1030 740 1104 patronis
768 1028 813 1086 ius
832 1027 921 1086 tuisse
940 1028 1058 1087 credam
1082 1029 1248 1091 libertatem
1274 1031 1362 1088 etiam
1387 1047 1448 1088 uou
1472 1032 1578 1093 iustam
1604 1033 1665 1090 adi·

325 1120 435 1181 meudi.
480 1118 663 1176 Libertorum
689 1114 824 1173 eoireitio
848 1118 977 1186 tempore
995 1114 1117 1185 Augusti
1136 1115 1211 1173 iacta
1230 1118 1306 1189 apud
1333 1118 1509 1191 praelectum
1528 1118 1608 1176 urbia
1626 1134 1665 1175 ex

325 1210 392 1278 lege
409 1205 493 1264 Aelia
513 1202 629 1272 Sentie,
651 1204 681 1256 ut
701 1202 781 1272 patet
799 1215 816 1256 e
835 1199 994 1269 iragmeuto
1019 1200 1082 1256 eiua
1101 1201 1177 1272 apud
1201 1200 1316 1275 Ulpiae.
1337 1204 1360 1260 l.
1381 1203 1430 1263 ³0.
1450 1205 1482 1260 u.
1522 1204 1664 1273 Quieta

325 1294 430 1368 quibus
455 1287 626 1348 manumiss.
659 1284 773 1344 Genera
793 1299 953 1357 poenarum
973 1286 1126 1345 traduntur
1144 1286 1175 1343 iu
1196 1286 1253 1346 Tit.
1274 1291 1306 1346 u.
1326 1289 1370 1348 tle
1387 1289 1483 1362 praet.
1502 1289 1584 1360 urb,
1612 1289 1665 1346 in-

323 1377 426 1450 primis
446 1374 479 1449 3.
502 1374 548 1431 11).
588 1370 646 1428 Sed
672 1371 704 1428 iu
722 1370 769 1427 liis
789 1371 870 1433 uuila
889 1370 1033 1427 libertatis
1052 1372 1208 1444 ademptio.
1247 1372 1344 1447 Atque
1362 1374 1436 1433 liaeo
1454 1373 1528 1437 ratio
1545 1375 1665 1453 mansit,

325 1464 418 1521 donee
439 1460 577 1519 Claudius
597 1455 692 1529 eoepit
710 1471 847 1513 revocare
861 1456 996 1525 ingratos
1015 1456 1046 1512 iu
1064 1457 1249 1528 servitutem,
1269 1460 1321 1517 eed
1341 1459 1484 1529 decretis,
1507 1476 1567 1521 uou
1586 1463 1663 1533 lege,

325 1550 357 1605 ut
376 1550 445 1604 aute
464 1545 583 1602 dietum.
622 1542 713 1613 Nam,
733 1542 759 1598 si
778 1543 828 1598 lex
848 1541 964 1610 luisset,
985 1543 1091 1600 trustra
1109 1541 1168 1600 iam
1188 1544 1304 1601 demum
1327 1559 1362 1602 ea
1374 1548 1532 1618 peteretur.
1571 1547 1665 1619 Atque

325 1632 413 1690 etiam
432 1630 483 1687 atii
502 1629 692 1701 imperatores
711 1626 911 1699 postsubiude
924 1626 1040 1684 duriora
1059 1627 1091 1684 iu
1105 1628 1224 1684 libertos
1244 1629 1418 1700 deerevere,
1440 1630 1520 1689 uuila
1540 1632 1606 1701 lege
1628 1631 1665 1688 de

324 1714 466 1774 libertatis
485 1713 640 1771 amissione
659 1713 801 1769 sancitum
821 1716 889 1769 aute
904 1711 1053 1770 Commodi
1074 1714 1214 1786 tempora.
1254 1714 1283 1773 la
1299 1714 1412 1773 initium
1426 1715 1495 1773 iecit
1506 1716 1664 1787 statuendi,

324 1817 400 1875 quae
419 1801 456 1858 ad
475 1799 617 1857 libertatis
635 1798 822 1855 amissionem
841 1799 901 1855 rim
921 1799 1066 1868 iacerent,
1088 1800 1109 1855 l.
1130 1798 1160 1856 6.
1181 1797 1302 1873 1111.
1323 1799 1366 1855 lle
1383 1816 1504 1871 aguoae.
1522 1806 1553 1861 et
1565 1803 1663 1860 aleod.

323 1888 442 1946 liberist
462 1887 645 1958 primumeor
664 1886 695 1940 ie
711 1889 872 1955 potestatem
888 1890 1071 1955 patronorum
1094 1885 1185 1957 rediet
1201 1891 1228 1940 et
1247 1887 1430 1943 minime·
1447 1888 1567 1943 mima
1584 1904 1665 1958 pree

325 1975 386 2031 bere
404 1974 482 2045 eopi,·
504 1972 549 2026 ria
567 1976 658 2026 ouum
675 1985 724 2025 rasa
743 1970 794 2025 trae
812 1970 894 2024 moda
913 1970 1128 2034 adponuntur,
1158 1969 1202 2026 aet
1220 1987 1239 2025 a
1255 1972 1383 2042 prunido
1399 1973 1517 2042 empturi
1535 1973 1665 2029 addicere

325 2067 371 2117 tar
388 2065 414 2115 et
431 2059 551 2130 pretium
568 2056 695 2128 patrante
714 2055 866 2112 addicetur.
907 2055 989 2124 Quae
1008 2057 1108 2112 eoutra
1126 2055 1255 2128 diaputat
1274 2054 1408 2113 Cuiaeiue
1428 2057 1514 2115 Obaa.
1534 2056 1588 2126 10,
1603 2057 1663 2127 3³,

324 2146 431 2204 refellit
451 2142 645 2201 Gotboiredua
664 2141 700 2198 ad
721 2139 792 2198 cod.
815 2140 960 2198 Theodos.
981 2141 1016 2198 L.
1036 2139 1066 2198 2.
1087 2141 1123 2198 Τ.
1143 2140 1191 2198 23.
1212 2142 1256 2199 lle
1276 2142 1327 2198 lib.
1348 2143 1544 2215 ademptione.
1558 2143 1625 2199 Vol.
1637 2143 1662 2199 l.

323 2247 354 2304 p.
376 2230 443 2287 217.
464 2228 518 2286 lid.
539 2226 636 2303 lips,
669 2226 719 2300 qui
744 2227 774 2283 et
795 2226 869 2283 alios
889 2228 968 2283 locos
988 2227 1085 2296 legum
1103 2226 1203 2297 affert,
1236 2227 1378 2301 equibus
1398 2230 1478 2302 patet
1494 2232 1560 2300 poet
1580 2228 1664 2285 Com·

323 2315 402 2375 m'odi
428 2317 559 2386 tempora
587 2312 728 2369 libertatis
757 2310 972 2384 ademptionem
1002 2311 1139 2368 valuisse.
1178 2310 1303 2370 Maxime
1329 2313 1500 2386 perspicuus
1519 2316 1565 2370 est
1584 2314 1663 2369 loeus

324 2398 565 2460 Pantilius.
594 2398 638 2454 lie
657 2411 785 2454 manum.
799 2399 865 2453 teet.
880 2395 912 2470 S.
929 2395 956 2452 1.
974 2397 1109 2453 laudatus
1128 2395 1308 2469 Sabultiugio
1328 2396 1360 2455 iu
1379 2397 1499 2470 lurispr.
1519 2399 1661 2456 Auteiast.

324 2503 355 2560 p.
375 2484 441 2541 573.
463 2483 520 2541 lad.
540 2482 639 2556 lips:
659 2480 721 2540 eam
738 2483 819 2538 bodie
837 2482 946 2554 placeat
966 2482 1120 2539 libertatem
1139 2484 1228 2539 adimi
1244 2499 1332 2555 pesae.
1371 2484 1467 2556 Atque
1486 2483 1511 2539 ia
1527 2482 1599 2539 vixit
1611 2482 1662 2539 sub

327 2572 436 2629 Severo
455 2571 485 2626 et
503 2567 663 2626 Caracalla.
703 2567 813 2637 Quodsi
832 2582 902 2637 ergo
923 2568 1098 2625 Commodus
1116 2571 1239 2640 manum
1257 2568 1354 2625 sauxit
1373 2567 1404 2625 iu
1423 2571 1594 2641 potestatem
1614 2583 1664 2639 pa·

326 2658 473 2712 trouorum
493 2654 584 2723 redigi
602 2653 747 2727 reudique
768 2652 887 2710 libertos
905 2652 1052 2725 ingratos,
1073 2656 1102 2710 et
1120 2654 1166 2710 eoi
1187 2654 1323 2727 temporis
1342 2653 1372 2710 id
1389 2654 1434 2710 ius
1448 2655 1564 2710 demum
1577 2654 1663 2709 tuisse

326 2743 449 2798 testatur
474 2739 615 2808 Paullus,
648 2754 706 2795 uou
726 2740 822 2811 potest
840 2738 899 2795 iam
916 2738 1040 2795 Neronis
1061 2741 1190 2810 tempore
1211 2739 1352 2797 libertatis
1370 2738 1519 2809 ademptio
1538 2738 1601 2795 iure
1620 2738 1663 2794 iu·

327 2826 413 2884 dueta
441 2824 540 2881 tuisse.
579 2824 661 2893 Quae
688 2823 776 2895 igitur
800 2826 845 2881 eet
869 2823 925 2881 ista
941 2825 1136 2896 paenitentia?
1166 2824 1296 2897 Nempe,
1329 2839 1404 2897 quae
1422 2821 1578 2895 opponitur
1594 2839 1663 2880 aare

326 2912 464 2983 benefida.
504 2908 560 2978 Qui
580 2909 743 2966 libertatem
762 2924 820 2965 uou
838 2908 944 2966 iustam
960 2910 1025 2974 dat,
1045 2924 1128 2982 apem
1142 2912 1239 2967 tamea
1253 2909 1302 2966 dat
1316 2910 1420 2980 pleuae
1434 2924 1486 2982 per
1497 2907 1661 2977 riudietaru,

326 2997 441 3069 sibique
459 2996 555 3053 locum
574 2995 713 3067 reliuquit
729 2993 798 3052 uovi
818 2993 951 3051 beuetloii
972 2994 1128 3052 tribuendi.
1168 2994 1268 3067 ltaque
1286 2994 1407 3051 libertas
1427 2996 1547 3066 patrone
1567 2997 1662 3050 maaet

327 3081 538 3155 quodammodo
557 3079 701 3149 obligatus
720 3082 767 3147 et,
799 3082 830 3136 ut
848 3079 888 3136 ait
906 3080 1040 3149 Tacitus,
1070 3078 1188 3136 riueulu
1206 3078 1352 3136 servitutis
1372 3078 1512 3135 attinetur
1528 3077 1566 3134 ob
1584 3078 1662 3150 eapi-

328 3168 426 3224 dlaem
452 3165 545 3223 iustae
564 3165 715 3221 libertatis.
753 3164 954 3221 Paenitentiae
978 3168 1101 3221 estnon
1124 3165 1194 3221 dare
1214 3179 1341 3238 uuquam
1361 3163 1468 3220 iustam
1487 3163 1659 3232 libertatem,

328 3251 413 3310 euius
428 3266 511 3325 rpem
531 3249 651 3317 iecerisa
671 3249 747 3323 quod
766 3249 816 3324 iit,
839 3249 864 3308 si
883 3248 987 3323 prioris
1006 3248 1141 3308 beueboli
1159 3250 1301 3324 paenitet.
1340 3248 1512 3307 liemarus.
