3620 5880
533 445 654 515 ursus
674 445 726 514 iv.
769 443 844 533 cip.
869 446 921 512 co.
946 446 998 513 cs.
1022 446 1075 512 ss.
1419 452 1480 533 aas

162 612 261 692 coepto
282 607 366 691 apud
386 605 537 673 Fidenam
557 602 785 693 amphitheatro
807 604 920 673 Atilius
941 607 1068 693 midam
1089 605 1229 674 libertini
1250 612 1393 695 generis,
1416 632 1480 698 quo

162 718 360 807 spectaculum
382 718 591 806 gladiatorum
614 722 803 798 celebraret,
820 739 925 807 neque
944 716 1149 787 fundamenta
1169 742 1228 809 per
1248 722 1384 790 solidum
1405 721 1481 790 snb-

160 833 244 911 didit,
265 853 368 920 neque
389 831 489 898 firmis
511 835 645 901 nexibus
665 836 802 919 ligneam
824 853 1009 919 compagem
1032 836 1263 921 superstruxit,
1284 845 1321 902 nt
1341 837 1396 926 qui
1416 858 1480 905 non

159 948 334 1015 abundantia
362 948 516 1033 pecuniae
544 967 604 1016 nec
631 946 811 1032 municipali
839 946 1030 1026 ambitione,
1055 950 1111 1014 sed
1132 947 1166 1014 in
1186 951 1315 1016 sordida
1335 950 1480 1019 mercede

157 1062 186 1129 id
205 1060 361 1147 negotium
382 1061 598 1149 quaesivisset.
632 1064 794 1129 adduxere
807 1059 891 1129 avidi
906 1060 1032 1140 talium,
1047 1061 1247 1150 imperitante
1262 1063 1389 1130 Tiberio
1403 1080 1502 1153 pro-s

157 1175 201 1244 ui
219 1173 428 1262 voluptatibus
450 1172 567 1255 babiti,
589 1176 680 1244 virile
700 1197 739 1241 ac
759 1173 916 1242 muliebre
936 1194 1027 1242 secus
1048 1177 1150 1241 omnis
1171 1181 1265 1250 aetas,
1289 1174 1331 1241 ob
1352 1181 1481 1266 propin-

157 1291 294 1377 quitatem
326 1286 389 1354 loci
421 1287 570 1369 effusius3
607 1288 692 1356 unda
720 1287 847 1375 gravior
873 1288 970 1372 pestis
996 1285 1074 1366 inii,
1105 1290 1249 1356 conlecta
1275 1290 1375 1368 mule,
1405 1291 1479 1358 dein

155 1404 307 1480 convulsa,
333 1404 409 1469 dnm
436 1405 499 1470 ruit
518 1402 602 1471 intus
617 1411 670 1471 aut
691 1404 725 1469 in
745 1403 906 1469 exteriora
927 1404 1111 1482 effunditur,
1143 1402 1392 1491 immensamque
1413 1407 1478 1474 vim

155 1515 339 1591 mortalium,
362 1520 540 1606 spectaculo
562 1518 700 1584 intentos
719 1523 775 1583 aut
796 1518 851 1604 qui
873 1516 992 1581 circum
1013 1513 1191 1593 adstabant,
1206 1537 1359 1605 praecepa
1380 1520 1476 1586 trabit

154 1636 237 1716 atque
265 1631 378 1716 operit.
413 1637 445 1694 ct
473 1626 522 1693 illi
544 1625 669 1712 qmdem
691 1646 771 1713 quos
792 1624 983 1713 principium
1004 1625 1116 1711 stragis
1138 1627 1171 1692 in
1193 1634 1327 1695 mortem
1348 1627 1516 1696 udiliae-se

152 1749 208 1817 rat,
235 1751 270 1808 ut
299 1741 354 1809 tali
386 1748 488 1819 sorte,
516 1742 688 1806 cruciatum
718 1737 870 1824 elingere.
908 1739 1080 1806 miserandi
1107 1739 1208 1827 magis
1236 1761 1317 1829 quos
1345 1745 1480 1829 abrupta

248 1829 456 1851 W

151 1863 232 1941 parte
251 1857 396 1943 corporis
418 1852 558 1921 noudum
580 1855 642 1919 vita
663 1850 862 1933 deserueram
899 1854 955 1942 qui
979 1854 1144 1939 pendium
1166 1855 1251 1930 meu,
1273 1865 1479 1943 pernoctem

150 1967 314 2035 ululatibus
343 1976 376 2034 ei
404 1968 523 2052 gemitu
551 1964 703 2051 coniuges
730 1974 785 2032 aut
812 1964 931 2033 liberos
957 1963 1142 2035 noscebant
1178 1966 1240 2034 iam
1269 1971 1367 2036 ceteri
1393 1971 1479 2065 fama

151 2083 250 2159 excid,
277 2081 331 2148 bic
357 2079 506 2158 bomem,
534 2079 747 2168 propinquum
773 2078 847 2157 ille,
878 2081 958 2148 alius
986 2089 1133 2168 parentas
1161 2079 1337 2149 lamentari.
1384 2086 1480 2153 ebant

212 2273 238 2324 i.
256 2272 454 2338 ompbitbeutru
471 2284 531 2323 curn
550 2271 597 2322 lin·
616 2271 654 2324 it.
682 2295 711 2311 -
736 2272 764 2323 b.
781 2272 960 2337 gladiatorem
976 2274 1015 2327 bl.
1038 2294 1073 2309 -
1089 2273 1117 2325 i.
1136 2273 1322 2327 bobuuduuiiu
1341 2276 1379 2329 Μ.
1401 2301 1430 2314 -
1449 2279 1481 2328 tte

147 2343 278 2394 sordidum
301 2344 443 2395 mercedem
461 2342 576 2394 malebat
594 2343 723 2400 Picbcna,
753 2344 881 2406 probante
900 2343 1097 2396 Doederleinlo.
1117 2369 1151 2383 ·-
1168 2346 1194 2395 5.
1215 2345 1281 2414 odil.
1302 2347 1345 2397 ni:
1365 2345 1424 2415 epit.
1444 2348 1477 2399 it.

147 2438 179 2448 -
199 2415 225 2465 b.
245 2414 333 2465 iiabct
351 2415 428 2465 oiriie
445 2428 476 2464 uc
492 2412 619 2466 muliebre
637 2428 722 2475 secus,
751 2426 803 2465 nou
829 2414 951 2465 beroaldi
970 2415 1056 2466 atritis
1074 2428 1107 2466 oc
1125 2415 1259 2468 muliebris
1276 2430 1368 2481 amus,
1386 2417 1424 2472 Μ.
1445 2443 1476 2458 -

147 2483 171 2535 i.
189 2486 282 2553 effusus
300 2485 340 2539 Μ.
360 2484 479 2540 Correxit
496 2485 611 2547 Lipsius.
630 2510 664 2522 -
683 2485 727 2536 io.
745 2484 811 2553 odil.
831 2484 876 2537 bis
896 2481 952 2552 osii.
971 2484 1012 2537 Μ.

146 2646 265 2709 mettin
294 2663 328 2702 co
359 2655 558 2715 congregent.»
591 2673 624 2687 -
652 2661 699 2699 oce
729 2662 791 2699 mu-
828 2648 908 2700 Strat.
930 2648 1182 2709 1,a,it=emmc
1204 2652 1381 2704 oiritesceus.
1417 2654 1477 2709 bis.

144 2730 415 2792 cicipuliumbitiosre]
432 2743 481 2781 uec
494 2731 582 2782 studio
595 2732 693 2795 gratiae
706 2732 791 2781 muni·
827 2728 878 2789 ib,
892 2729 945 2781 l'lt
966 2729 1109 2780 liberorum
1127 2732 1243 2794 cupitum
1259 2733 1336 2783 etrite
1353 2746 1424 2785 secur
1441 2734 1480 2787 ud

145 2811 228 2870 cipum
246 2809 461 2872 comparandae,
480 2817 510 2860 ut
531 2810 791 2862 adboncresmuni·
829 2807 913 2860 decem
946 2809 1023 2859 mdiu
1061 2814 1151 2873 coptu.
1198 2810 1251 2863 Sal.
1279 2813 1323 2863 Fr.
1348 2813 1418 2865 liist.
1448 2816 1476 2878 b,

144 2892 236 2951 cipates
261 2889 469 2957 (duumviratum
488 2892 540 2941 iuri
555 2891 686 2950 dicundo,
719 2890 791 2942 acdi-
826 2889 880 2940 bi:
899 2903 1000 2954 mogus
1017 2890 1106 2954 glorio
1129 2891 1243 2958 undique
1267 2897 1480 2947 cooeurrmtium

142 2968 236 3020 litatem
267 2967 333 3034 cat.)
363 2973 524 3033 perveniret.
556 2994 587 3007 -
622 2972 652 3021 ie
681 2970 791 3021 sordido
827 2969 904 3021 uirile
932 2974 957 3020 ct
984 2969 1109 3021 muliebre
1126 2983 1208 3021 secus.
1228 2994 1261 3009 -
1279 2976 1310 3021 ut
1329 2973 1379 3024 tuti
1396 2972 1477 3040 sorte]

141 3048 266 3116 mercem]
298 3052 417 3114 paranda
456 3054 533 3102 unice
568 3057 732 3112 occupatus,
764 3050 791 3101 id
828 3052 855 3100 in
891 3054 943 3101 um
974 3048 1080 3100 iuncsta
1116 3048 1190 3103 clade
1223 3058 1311 3105 tamen
1349 3054 1480 3119 quodam-

140 3143 219 3181 auum
232 3140 374 3193 spectans,
393 3136 422 3183 ut
437 3138 576 3194 quaestum
589 3132 695 3183 taceret.
714 3131 792 3181 Pror·
827 3130 906 3180 medo
933 3129 1040 3191 ieiices,
1080 3128 1172 3181 saitem
1202 3132 1290 3183 minus
1322 3135 1478 3198 miserandi,

141 3221 181 3261 sus
200 3215 379 3262 necessarlum
405 3223 457 3262 non
483 3218 548 3275 puto
567 3211 699 3262 Picbenaa
718 3214 788 3262 coni.
828 3211 953 3275 quoniam
972 3212 1117 3261 cruciatum
1136 3210 1262 3275 ailugere.
1280 3208 1322 3276 (ut
1338 3214 1389 3265 tuit
1405 3221 1479 3265 sorte

139 3289 166 3339 iu
182 3290 322 3341 sordidum
340 3291 496 3352 mercem,
518 3294 565 3342 etsi
585 3290 723 3349 Waitbet.
744 3292 790 3355 oui
827 3298 868 3343 est
884 3290 955 3342 tdcsu
974 3289 1028 3344 iare
1047 3296 1127 3355 atque
1143 3302 1195 3353 pro
1213 3291 1263 3342 toli
1287 3299 1376 3354 sorte,
1408 3307 1478 3358 quae

139 3373 252 3432 recapit,
273 3370 454 3430 auertitis
473 3371 502 3420 te
519 3370 619 3421 nulllus
636 3371 790 3423 mercedem.
828 3375 859 3423 iis
888 3383 1016 3435 cucone,
1042 3373 1088 3434 uui
1107 3374 1185 3421 ruina
1212 3370 1275 3424 laesi
1303 3386 1357 3424 non
1384 3381 1477 3437 erant,

140 3446 225 3500 Germ.
251 3450 307 3501 ab:
338 3452 367 3500 in
394 3454 529 3513 quamtum
560 3458 609 3502 out
638 3450 788 3501 mmccdem·
826 3452 918 3506 saltem
947 3448 1115 3502 formidolosa
1142 3463 1201 3503 esse
1225 3451 1358 3514 debebam
1389 3468 1479 3520 nequa

138 3528 231 3582 Contra
250 3530 358 3581 littterc
388 3528 537 3582 «Picirenae
562 3529 641 3581 rerba
666 3532 789 3580 nonnisi
826 3546 888 3585 rero
907 3544 968 3583 cum
986 3531 1118 3593 nuperus
1143 3530 1290 3594 explicem:
1320 3542 1368 3586 aut
1386 3536 1430 3586 taii
1450 3537 1478 3587 in

138 3608 232 3669 baem,
263 3624 345 3675 quern
372 3615 479 3661 secutus
497 3613 531 3660 sit
549 3610 576 3659 in
595 3610 788 3673 amphitheatro
826 3612 963 3664 mandari
982 3606 1087 3669 sciet»)
1109 3632 1139 3647 ·-
1163 3611 1274 3675 quipse
1290 3613 1367 3675 diem]
1384 3614 1478 3666 Totius

136 3689 302 3741 aedificando
315 3690 438 3742 sordidus
451 3690 495 3741 iiie
508 3689 634 3750 Fidenas,
654 3690 787 3749 iudicanti
826 3692 875 3744 teet
894 3694 1055 3743 constructio
1073 3689 1143 3741 iacet
1161 3701 1223 3742 sana
1244 3696 1377 3744 communi
1396 3696 1478 3745 inter-

136 3766 241 3820 Tacitus
271 3782 377 3821 ornnem
403 3772 477 3821 istius
505 3768 617 3820 bominis
641 3770 737 3833 agendi
762 3776 789 3820 et
826 3773 964 3836 prolationi
985 3771 1018 3824 de
1033 3770 1190 3834 debilitatis,
1208 3773 1255 3835 qni
1269 3775 1392 3838 coniuges
1411 3772 1477 3827 libe·

135 3852 253 3901 muueris
282 3850 379 3902 edendi
407 3855 535 3900 rationem
563 3849 717 3902 describit.»
755 3873 786 3885 -
825 3864 922 3915 rosque
940 3864 1002 3902 snos
1020 3863 1073 3903 non
1092 3853 1215 3911 saucios,
1244 3862 1292 3913 per
1315 3853 1385 3905 diem
1413 3866 1477 3905 ocu·

134 3930 207 3978 ccidi
223 3926 333 3992 iulium]
354 3931 465 3982 maxime
485 3944 514 3981 er
533 3929 617 3991 Urbe,
642 3943 657 3981 a
676 3943 727 3993 gua
746 3929 788 3979 Fi·
824 3933 909 3984 iorum
929 3935 1049 3993 coniectu
1068 3944 1215 3995 quaerere.
1242 3939 1410 3995 pernoctem
1428 3948 1476 3988 au·

134 4006 201 4061 dena
229 4022 285 4061 aon
313 4009 369 4072 pius
383 4010 415 4060 V.
436 4010 645 4073 miliapassunm
663 4009 786 4061 distabat.
825 4020 877 4065 tcsn
904 4024 935 4064 cr
961 4017 1023 4063 uota
1046 4023 1111 4063 cccc
1138 4010 1314 4074 lamentisque
1333 4025 1476 4079 agnoscere

132 4112 165 4123 -
186 4091 362 4152 imperitante
390 4085 505 4153 Tiberio]
536 4089 611 4142 Suet.
639 4089 700 4141 Tib.
730 4089 784 4139 ti:
824 4090 967 4143 studebant
985 4103 1073 4156 usgue
1092 4099 1183 4147 minen,
1199 4091 1279 4143 uliam
1297 4091 1330 4144 ab
1348 4096 1381 4146 iis
1397 4109 1476 4159 opem

132 4180 212 4233 segue
239 4169 399 4232 spectaculo
424 4171 529 4221 omuism
557 4171 656 4228 edidit,
685 4174 710 4221 et
737 4171 786 4231 iis,
824 4175 965 4234 impetrare
995 4177 1041 4224 aut
1067 4170 1180 4232 saitem,
1213 4170 1259 4222 ubi
1290 4176 1341 4237 ipsi
1374 4183 1473 4238 esseut,

131 4262 197 4312 puoe
215 4249 251 4301 ob
271 4249 364 4315 uttpuc
382 4250 535 4309 mormius,
554 4251 689 4301 summme
706 4251 788 4300 icter-
824 4254 950 4304 certiores
974 4264 1020 4304 cos
1045 4250 1132 4304 iacere
1156 4264 1345 4317 sermonesque
1364 4268 1423 4307 cum
1443 4258 1475 4308 ils

130 4329 200 4391 suit,
232 4343 268 4380 ue
299 4329 362 4393 guid
380 4335 570 4393 exposceretur.
603 4354 630 4366 -
661 4330 739 4380 uirile
755 4342 788 4380 uc
824 4334 934 4393 miscere
953 4337 1093 4394 poterant,
1122 4334 1186 4396 quia
1210 4345 1298 4399 neque
1322 4340 1373 4386 mm
1398 4335 1474 4390 iaciic

130 4408 258 4461 muliebre
271 4420 347 4459 secus
366 4412 450 4461 omnis
470 4407 556 4475 octus]
573 4410 651 4461 uirile
665 4433 699 4445 ·-
714 4422 787 4460 accus
824 4409 926 4462 abillis
954 4411 1203 4479 conspiciebantur,
1233 4415 1315 4466 ruinis
1338 4421 1366 4467 ct
1388 4422 1473 4482 straga

130 4495 232 4540 nonest
247 4492 436 4550 accusativus,
456 4497 557 4541 utcurn
572 4488 786 4542 Drakenborcbio
823 4491 899 4542 molis
926 4489 1041 4552 obtecti,
1073 4504 1161 4557 nepus
1188 4492 1329 4546 inclamare
1354 4508 1400 4548 cos
1427 4500 1474 4551 ant

130 4571 268 4619 existimat
287 4573 367 4620 eliasu
385 4568 499 4621 Wciiius
516 4570 550 4621 ad
565 4569 686 4622 Suetonii
699 4569 785 4622 iocum
823 4573 939 4633 ipsomm
958 4570 1079 4624 debliltas
1097 4578 1145 4623 aut
1157 4575 1302 4635 promiscui
1318 4580 1396 4640 stupe
1410 4587 1472 4626 con·

129 4646 188 4700 Oct.
212 4649 285 4710 ib,
317 4649 364 4700 sed
390 4650 534 4712 simplicius
556 4663 602 4714 pro
625 4652 786 4702 nominativo
823 4653 890 4702 tinnt
910 4651 1032 4704 ciamoris
1049 4651 1181 4704 tumultus
1198 4654 1377 4718 permittebat.
1404 4653 1472 4707 Con·

128 4734 155 4779 et
179 4733 317 4791 antiquae
347 4731 547 4783 consuetudinis
575 4730 684 4784 iormnia
705 4742 787 4795 appo·
823 4738 862 4782 tra
878 4731 922 4783 aiii
942 4734 984 4783 ris
1007 4731 1178 4795 probabiliter
1204 4732 1237 4783 ad
1263 4733 1406 4785 incolumes
1431 4747 1472 4786 re·

126 4810 232 4861 titionis
253 4812 340 4861 instar
364 4809 514 4863 babendum
539 4818 589 4864 cst.
626 4810 703 4863 Certe
728 4815 786 4863 iun·
823 4810 1019 4872 larunt,aliato
1032 4812 1109 4863 Piinii
1123 4812 1228 4876 lippit,
1245 4813 1289 4873 20,
1304 4812 1356 4864 iic
1376 4815 1469 4876 equis,

126 4889 213 4952 genda
241 4889 314 4941 bace
334 4902 422 4954 neone
446 4903 508 4944 reso
526 4904 586 4942 cum
605 4890 663 4942 aliis
683 4897 741 4951 post
758 4904 783 4943 r.
823 4896 851 4941 ut
868 4893 905 4942 ait
917 4890 1095 4952 Doederlein,
1117 4905 1185 4944 enon
1200 4892 1311 4944 obscura
1328 4892 1406 4943 buius
1420 4891 1471 4944 ioci

126 4979 201 5019 usus
230 4969 472 5034 distinguendum
507 4971 606 5022 dictum
633 4971 702 5021 enirn
734 4974 783 5028 est,
822 4971 987 5022 imitatione:
1022 4970 1135 5023 Audires
1160 4971 1276 5022 uiulutus
1300 4970 1469 5036 (minorum,

125 5053 156 5097 ut
174 5048 257 5100 Suet.
287 5047 304 5098 l.
328 5048 367 5099 la
385 5049 546 5101 utbletumsm
567 5049 716 5112 spectaculo
728 5061 785 5097 mu·
820 5048 965 5113 iusuutium
991 5051 1151 5114 quiritatus,
1182 5050 1309 5102 clamores
1331 5051 1470 5114 utrorump

125 5123 207 5181 ltebre
240 5140 319 5181 secus
349 5141 436 5182 omnes
466 5133 617 5182 summost.
662 5130 782 5181 Frontln.
822 5128 872 5179 otti
892 5133 1037 5194 pormtes,
1066 5129 1116 5180 ulii
1137 5127 1250 5194 liberos,
1280 5129 1332 5182 ulit
1347 5131 1471 5201 coniuges
