3582 5882
545 497 709 566 LIBERI.
754 498 826 583 Cep.
848 498 900 563 79.
921 497 973 563 80.
996 497 1048 563 81.
1426 499 1466 564 ll

133 656 274 724 calidum
298 657 366 725 eius
388 654 568 742 ingenium,
592 656 635 721 ita
651 657 781 722 anxium
803 653 964 722 iudicium.
986 654 1194 742 nequeenim
1218 658 1382 725 eminentis
1403 657 1468 725 vir·

132 780 208 836 tutes
229 770 424 845 sectabatur,
458 777 490 835 et
515 789 638 834 rursum
663 768 737 835 vitia
760 771 886 835 oderat:
926 788 966 834 er
987 770 1114 852 optimis
1135 768 1310 857 periculum
1333 770 1414 848 sibi,
1449 793 1468 836 a

131 885 273 970 pessimis
296 885 434 949 dedecus
454 878 614 969 publicum
634 880 805 947 metuebat.
839 903 902 969 qua
922 882 1127 948 haesitatione
1148 889 1310 966 postremo
1332 903 1372 949 eo
1393 904 1469 968 pro

131 1004 235 1064 rectus
263 1004 375 1063 estut
402 995 599 1063 mandaverit
624 992 809 1081 quibusdam
837 995 1028 1079 provincias,
1065 1015 1145 1080 quos
1173 994 1282 1081 egredi
1302 994 1382 1062 urbe
1403 1012 1491 1063 non‘

132 1121 188 1179 erat
214 1129 378 1194 passurus.
1478 1137 1491 1179 s

213 1220 277 1309 (8¹)
300 1227 347 1288 lie
375 1220 509 1288 comitiis
537 1217 774 1298 consularibus,
810 1241 890 1306 quae
919 1227 986 1286 tum
1012 1222 1150 1308 primum
1177 1219 1233 1287 illo
1259 1221 1401 1310 principe
1430 1244 1468 1288 ac

133 1335 278 1423 deinceps
305 1337 411 1414 fuere,
443 1336 500 1404 vix
528 1340 695 1427 quicquam
723 1332 850 1400 firmare
877 1332 993 1400 ausim:
1032 1336 1112 1400 adeo
1140 1334 1264 1401 diversa
1284 1356 1349 1400 non
1371 1338 1467 1401 modo

134 1455 207 1536 apud
239 1460 387 1518 auctores
415 1454 471 1516 sed
500 1451 533 1517 in
562 1452 661 1538 ipsius
690 1447 886 1515 orationibus
914 1447 1126 1536 reperiuntur.
1172 1450 1267 1513 modo
1302 1446 1467 1515 subtractis

135 1563 371 1630 candidatorum
395 1563 575 1630 nominibus
597 1563 750 1649 originem
772 1562 923 1648 cuiusque
945 1569 977 1626 et
997 1560 1092 1628 vitam
1114 1569 1146 1626 et
1166 1558 1321 1648 stipendia
1349 1564 1469 1628 descri-

135 1680 203 1761 psit,
239 1684 277 1743 ut
307 1680 362 1762 quai
393 1675 499 1743 forent
525 1675 776 1761 intellegeretur:
814 1672 982 1760 aliquando
1013 1694 1051 1740 ea
1079 1694 1207 1761 quoque
1239 1672 1466 1759 significatione
1476 1708 1504 1748 ,ο

136 1788 304 1867 subtracta,
336 1792 517 1856 candidatos
538 1794 681 1856 hortatus
702 1809 742 1854 ne
765 1787 884 1853 ambitu
906 1785 1033 1853 comitia
1055 1785 1232 1862 turbarent,
1261 1807 1350 1853 suam
1371 1787 1467 1855 adid

136 1924 234 1968 curam
257 1901 414 1987 pollicitus
435 1910 493 1969 est.
528 1905 714 1991 plerumque
737 1922 793 1967 eos
815 1907 934 1969 mnium
954 1903 1039 1985 apud
1060 1923 1094 1967 se
1116 1898 1276 1985 professos
1298 1900 1463 1979 disseruit,

136 2035 264 2103 quornm
286 2015 415 2083 nomina
435 2014 616 2083 consulibus
638 2013 802 2080 edidisset:
838 2033 933 2099 posse
955 2021 986 2079 et
1006 2014 1085 2079 alios
1108 2012 1265 2101 profiteri,
1300 2015 1466 2102 signatiae

135 2137 182 2194 aut
199 2126 326 2196 meritis
348 2127 551 2197 confiderent,
573 2128 715 2215 speciosa
735 2126 858 2203 verbis,
891 2147 928 2192 re
948 2128 1054 2193 inania
1074 2134 1128 2192 aut
1148 2125 1300 2206 subdola,
1334 2137 1466 2215 quanto·

136 2262 190 2326 que
221 2240 345 2308 maiore
373 2240 523 2309 libertatis
552 2243 689 2327 imagine
721 2244 922 2327 tegebantur,
959 2247 1047 2306 tanto
1074 2249 1224 2328 eruptura
1249 2244 1290 2307 ad
1315 2240 1502 2309 infensiusrs

136 2354 303 2421 servitium.

181 2509 206 2559 1.
226 2510 338 2561 virtutis
355 2508 394 2559 Μ.
424 2534 452 2546 -
485 2508 512 2559 2.
542 2508 592 2560 etit
608 2509 659 2559 siit
676 2511 732 2561 stne
753 2510 965 2571 interpunctione
982 2505 1020 2560 ti.
1039 2530 1073 2544 ·-
1093 2507 1122 2561 d.
1142 2507 1310 2572 guibcatdam
1326 2508 1365 2560 Μ.
1388 2532 1416 2545 -
1437 2510 1465 2564 8.

137 2587 195 2641 opat
215 2587 324 2629 autores
342 2579 381 2631 bt·
400 2602 432 2614 -
452 2579 540 2631 Habet
557 2580 583 2632 b.
603 2579 621 2632 Ι.
638 2580 684 2630 scd
701 2576 739 2631 Μ.
760 2604 791 2616 -
816 2582 1004 2646 repperiuntur
1020 2578 1059 2629 Μ.
1078 2603 1112 2614 -
1131 2581 1174 2630 lt).
1192 2580 1306 2646 inteiieg.
1325 2580 1370 2631 bic
1391 2581 1467 2630 intel·

135 2648 178 2713 iip.
194 2648 225 2697 B.
247 2676 276 2687 -
299 2650 341 2700 12.
362 2653 429 2711 aput
446 2649 484 2700 Μ.
508 2676 534 2688 -
563 2647 607 2700 ld.
625 2651 655 2702 ic
672 2653 785 2715 spetioso
801 2650 839 2703 ll.
864 2676 896 2688 -
923 2649 967 2703 ld.
984 2649 1131 2701 seruitium.
1150 2649 1249 2702 FINIT
1265 2650 1296 2701 Ρ.
1317 2648 1468 2701 CORNELI

136 2718 196 2768 lili.
217 2719 239 2770 1.
262 2715 274 2773 it
294 2716 429 2770 {dicim
444 2719 559 2771 LIBER.
578 2721 616 2771 11.

165 2871 208 2923 81.
226 2869 429 2938 cumprimum]
447 2875 565 2926 secundo
584 2873 777 2935 auno'ltberli,
817 2874 974 2929 electionis?
1003 2875 1090 2926 Nimio
1108 2873 1196 2926 berete
1215 2872 1338 2925 breviter.
1361 2873 1462 2926 Woar.

21 3004 23 3007 .
137 2964 184 3015 gno
200 2956 312 3015 primurn
326 2954 472 3018 designarit
483 2955 624 3015 consules:
644 2969 704 3008 nam
718 2968 778 3017 pro·
816 2954 979 3007 Probabtiior
995 2955 1099 3007 ridetur
1111 2954 1290 3007 Doederleinit
1303 2954 1461 3017 explicatio:

135 3034 199 3084 rime
223 3037 310 3093 priore
329 3033 506 3085 destinaverat
523 3034 666 3101 Augustus.
698 3035 778 3085 Dein
817 3036 909 3088 «Unde
926 3038 1006 3100 igitur
1024 3036 1202 3086 coniecturam
1222 3034 1254 3086 de
1273 3035 1400 3098 principie
1419 3049 1464 3087 ro·

137 3123 190 3172 cepe
217 3113 332 3177 tuteiiige
360 3112 394 3165 de
423 3114 531 3177 reliquie
557 3119 633 3183 eunte
658 3116 777 3167 eiusdem
816 3116 915 3168 tentate
934 3115 1019 3169 iecere
1039 3121 1160 3177 poteraut
1177 3121 1280 3178 patres,
1309 3127 1369 3165 cum
1397 3115 1463 3168 nibil

136 3188 248 3252 Tiberii,
272 3205 326 3244 non
351 3191 384 3244 de
403 3195 598 3247 successoribus
616 3198 683 3248 eius.
721 3194 775 3245 Cir.
815 3193 1215 3259 prorsussignificabatceesart
1234 3195 1287 3246 Per
1299 3196 1369 3259 ipsos
1382 3194 1462 3246 credo

136 3268 182 3319 Iito
207 3271 257 3332 58,
285 3274 331 3322 20.
363 3271 462 3325 Wonr.
491 3299 521 3312 -
549 3272 711 3340 aitpoondo]
735 3275 776 3325 ln
814 3276 985 3333 candidulos,
1016 3277 1062 3339 out
1081 3275 1202 3327 nonsibi
1222 3273 1362 3336 deessent,
1396 3278 1461 3339 quin

138 3350 213 3411 igtur
236 3353 356 3415 privatim
380 3352 523 3416 aitqueudo
542 3355 696 3407 candidetor
713 3367 776 3408 suos
815 3369 904 3408 curam
931 3356 980 3407 eibi
1007 3354 1125 3407 caeseris
1156 3357 1309 3419 promissam
1335 3356 1463 3408 testarent

137 3432 313 3484 commendere
331 3433 395 3483 retis
413 3433 523 3491 babuit,
551 3436 578 3484 ln
597 3441 689 3486 senatu
712 3448 775 3487 rero
813 3436 1160 3501 primumprirnum.»

21 3500 22 3509 ’
136 3508 249 3573 marum
261 3514 331 3577 egit,
350 3512 516 3565 stmuiecrnm
530 3514 659 3576 praebens
677 3514 775 3568 liberae
