<?xml version="1.0" encoding="UTF-8"?>
<!DOCTYPE html PUBLIC "-//W3C//DTD XHTML 1.0 Transitional//EN"
    "http://www.w3.org/TR/xhtml1/DTD/xhtml1-transitional.dtd">
<html xmlns="http://www.w3.org/1999/xhtml" xml:lang="en" lang="en">
 <head>
  <title>
</title>
<meta http-equiv="Content-Type" content="text/html;charset=utf-8" />
  <meta name='ocr-system' content='tesseract 3.04.00' />
  <meta name='ocr-capabilities' content='ocr_page ocr_carea ocr_par ocr_line ocrx_word'/>
</head>
<body>
  <div class='ocr_page' id='page_1' title='image "./ccorneliitaciti29tacigoog/ccorneliitaciti29tacigoog_0056.png"; bbox 0 0 3682 5872; ppageno 0'>
   <div class='ocr_carea' id='block_1_1' title="bbox 656 465 1520 551">
    <p class='ocr_par' dir='ltr' id='par_1_1' title="bbox 656 465 1520 551">
     <span class='ocr_line' id='line_1_1' title="bbox 656 465 1520 551; baseline -0.003 -18"><span class='ocrx_word' id='word_1_1' title='bbox 656 467 774 533; x_wconf 82' lang='lat' dir='ltr'>nnus</span> <span class='ocrx_word' id='word_1_2' title='bbox 793 465 820 531; x_wconf 90' lang='lat'>1.</span> <span class='ocrx_word' id='word_1_3' title='bbox 865 465 1044 551; x_wconf 72' lang='lat' dir='ltr'>opus.</span> <span class='ocrx_word' id='word_1_4' title='bbox 1499 465 1520 530; x_wconf 88' lang='lat' dir='ltr'>e</span> 
     </span>
    </p>
   </div>
   <div class='ocr_carea' id='block_1_2' title="bbox 175 622 1559 1734">
    <p class='ocr_par' dir='ltr' id='par_1_2' title="bbox 175 622 1559 1734">
     <span class='ocr_line' id='line_1_2' title="bbox 175 622 1514 716; baseline -0.004 -21"><span class='ocrx_word' id='word_1_5' title='bbox 175 626 354 716; x_wconf 81' lang='lat' dir='ltr'>prinoipem</span> <span class='ocrx_word' id='word_1_6' title='bbox 382 626 486 705; x_wconf 86' lang='lat' dir='ltr'>misit,</span> <span class='ocrx_word' id='word_1_7' title='bbox 521 646 675 713; x_wconf 84' lang='lat' dir='ltr'>umquem</span> <span class='ocrx_word' id='word_1_8' title='bbox 696 622 934 696; x_wconf 71' lang='lat' dir='ltr'>cunctabundus</span> <span class='ocrx_word' id='word_1_9' title='bbox 954 626 1016 692; x_wconf 87' lang='lat' dir='ltr'>nisi</span> <span class='ocrx_word' id='word_1_10' title='bbox 1036 647 1109 692; x_wconf 89' lang='lat' dir='ltr'>eum</span> <span class='ocrx_word' id='word_1_11' title='bbox 1129 624 1164 693; x_wconf 87' lang='lat' dir='ltr'>in</span> <span class='ocrx_word' id='word_1_12' title='bbox 1184 633 1297 693; x_wconf 82' lang='lat' dir='ltr'>senatu</span> <span class='ocrx_word' id='word_1_13' title='bbox 1317 625 1514 713; x_wconf 85' lang='lat' dir='ltr'>loqueretur.</span> 
     </span>
     <span class='ocr_line' id='line_1_3' title="bbox 178 737 1519 829; baseline -0.004 -21"><span class='ocrx_word' id='word_1_14' title='bbox 178 762 271 809; x_wconf 82' lang='lat' dir='ltr'>seusu</span> <span class='ocrx_word' id='word_1_15' title='bbox 289 744 462 829; x_wconf 80' lang='lat' dir='ltr'>praecipue</span> <span class='ocrx_word' id='word_1_16' title='bbox 477 762 518 809; x_wconf 85' lang='lat' dir='ltr'>ex</span> <span class='ocrx_word' id='word_1_17' title='bbox 532 740 716 817; x_wconf 80' lang='lat' dir='ltr'>tormidine,</span> <span class='ocrx_word' id='word_1_18' title='bbox 738 760 779 807; x_wconf 94' lang='lat' dir='ltr'>ne</span> <span class='ocrx_word' id='word_1_19' title='bbox 793 742 1014 816; x_wconf 78' lang='lat' dir='ltr'>Germanicus,</span> <span class='ocrx_word' id='word_1_20' title='bbox 1035 741 1069 806; x_wconf 93' lang='lat' dir='ltr'>in</span> <span class='ocrx_word' id='word_1_21' title='bbox 1083 739 1171 809; x_wconf 86' lang='lat' dir='ltr'>euius</span> <span class='ocrx_word' id='word_1_22' title='bbox 1186 761 1282 806; x_wconf 86' lang='lat' dir='ltr'>monn</span> <span class='ocrx_word' id='word_1_23' title='bbox 1296 745 1344 806; x_wconf 88' lang='lat' dir='ltr'>tot</span> <span class='ocrx_word' id='word_1_24' title='bbox 1356 737 1519 824; x_wconf 78' lang='lat' dir='ltr'>legiones,</span> 
     </span>
     <span class='ocr_line' id='line_1_4' title="bbox 176 829 1519 941; baseline -0.002 -20"><span class='ocrx_word' id='word_1_25' title='bbox 176 854 330 921; x_wconf 83' lang='lat' dir='ltr'>immense</span> <span class='ocrx_word' id='word_1_26' title='bbox 339 829 633 931; x_wconf 52' lang='lat' dir='ltr'>mdommbombu</span> <span class='ocrx_word' id='word_1_27' title='bbox 645 852 834 940; x_wconf 84' lang='lat' dir='ltr'>mirnsepud</span> <span class='ocrx_word' id='word_1_28' title='bbox 843 855 996 941; x_wconf 90' lang='lat' dir='ltr'>populum</span> <span class='ocrx_word' id='word_1_29' title='bbox 1004 854 1104 928; x_wconf 76' lang='lat' dir='ltr'>favor,</span> <span class='ocrx_word' id='word_1_30' title='bbox 1114 855 1232 918; x_wconf 86' lang='lat' dir='ltr'>hebere</span> <span class='ocrx_word' id='word_1_31' title='bbox 1243 853 1411 937; x_wconf 88' lang='lat' dir='ltr'>imperinm</span> <span class='ocrx_word' id='word_1_32' title='bbox 1422 872 1519 937; x_wconf 85' lang='lat' dir='ltr'>quem</span> 
     </span>
     <span class='ocr_line' id='line_1_5' title="bbox 178 946 1519 1059; baseline -0.002 -25"><span class='ocrx_word' id='word_1_33' title='bbox 178 977 364 1053; x_wconf 81' lang='lat' dir='ltr'>exspectere</span> <span class='ocrx_word' id='word_1_34' title='bbox 391 968 510 1035; x_wconf 85' lang='lat' dir='ltr'>melici.</span> <span class='ocrx_word' id='word_1_35' title='bbox 566 966 660 1035; x_wconf 85' lang='lat' dir='ltr'>debut</span> <span class='ocrx_word' id='word_1_36' title='bbox 687 946 721 1056; x_wconf 73' lang='lat' dir='ltr'>et</span> <span class='ocrx_word' id='word_1_37' title='bbox 735 966 869 1059; x_wconf 35' lang='lat' dir='ltr'>,semum</span> <span class='ocrx_word' id='word_1_38' title='bbox 905 974 942 1032; x_wconf 92' lang='lat' dir='ltr'>nt</span> <span class='ocrx_word' id='word_1_39' title='bbox 962 975 1093 1035; x_wconf 82' lang='lat' dir='ltr'>rocetos</span> <span class='ocrx_word' id='word_1_40' title='bbox 1114 965 1295 1054; x_wconf 86' lang='lat' dir='ltr'>electusque</span> <span class='ocrx_word' id='word_1_41' title='bbox 1316 967 1421 1053; x_wconf 87' lang='lat' dir='ltr'>potius</span> <span class='ocrx_word' id='word_1_42' title='bbox 1443 987 1461 1031; x_wconf 87' lang='lat' dir='ltr'>e</span> <span class='ocrx_word' id='word_1_43' title='bbox 1482 986 1519 1033; x_wconf 91' lang='lat' dir='ltr'>re</span> 
     </span>
     <span class='ocr_line' id='line_1_6' title="bbox 177 1068 1543 1171; baseline -0.008 -22"><span class='ocrx_word' id='word_1_44' title='bbox 177 1080 307 1168; x_wconf 75' lang='lat' dir='ltr'>publicu</span> <span class='ocrx_word' id='word_1_45' title='bbox 316 1080 481 1149; x_wconf 82' lang='lat' dir='ltr'>rideretur</span> <span class='ocrx_word' id='word_1_46' title='bbox 490 1103 585 1171; x_wconf 80' lang='lat' dir='ltr'>quem</span> <span class='ocrx_word' id='word_1_47' title='bbox 599 1068 658 1170; x_wconf 90' lang='lat' dir='ltr'>per</span> <span class='ocrx_word' id='word_1_48' title='bbox 670 1084 821 1149; x_wconf 86' lang='lat' dir='ltr'>uxorium</span> <span class='ocrx_word' id='word_1_49' title='bbox 837 1083 989 1148; x_wconf 82' lang='lat' dir='ltr'>ambitum</span> <span class='ocrx_word' id='word_1_50' title='bbox 1003 1088 1037 1147; x_wconf 90' lang='lat' dir='ltr'>et</span> <span class='ocrx_word' id='word_1_51' title='bbox 1049 1079 1141 1147; x_wconf 87' lang='lat' dir='ltr'>senili</span> <span class='ocrx_word' id='word_1_52' title='bbox 1150 1078 1321 1167; x_wconf 74' lang='lat' dir='ltr'><strong>adoptione</strong></span> <span class='ocrx_word' id='word_1_53' title='bbox 1332 1078 1543 1164; x_wconf 68' lang='lat' dir='ltr'>intepuimus</span> 
     </span>
     <span class='ocr_line' id='line_1_7' title="bbox 177 1191 1521 1288; baseline -0.003 -27"><span class='ocrx_word' id='word_1_54' title='bbox 177 1202 290 1282; x_wconf 75' lang='lat' dir='ltr'>posim</span> <span class='ocrx_word' id='word_1_55' title='bbox 315 1194 479 1281; x_wconf 75' lang='lat' dir='ltr'>cognitum</span> <span class='ocrx_word' id='word_1_56' title='bbox 498 1203 548 1263; x_wconf 87' lang='lat' dir='ltr'>eet</span> <span class='ocrx_word' id='word_1_57' title='bbox 566 1198 607 1263; x_wconf 86' lang='lat' dir='ltr'>ud</span> <span class='ocrx_word' id='word_1_58' title='bbox 631 1195 893 1281; x_wconf 84' lang='lat' dir='ltr'>introspiciendus</span> <span class='ocrx_word' id='word_1_59' title='bbox 922 1196 1016 1261; x_wconf 89' lang='lat' dir='ltr'>etiem</span> <span class='ocrx_word' id='word_1_60' title='bbox 1038 1214 1209 1281; x_wconf 88' lang='lat' dir='ltr'>procerum</span> <span class='ocrx_word' id='word_1_61' title='bbox 1231 1192 1408 1262; x_wconf 77' lang='lat' dir='ltr'>voluntates</span> <span class='ocrx_word' id='word_1_62' title='bbox 1427 1191 1521 1288; x_wconf 65' lang='lat' dir='ltr'>indo-</span> 
     </span>
     <span class='ocr_line' id='line_1_8' title="bbox 178 1302 1520 1395; baseline -0.002 -21"><span class='ocrx_word' id='word_1_63' title='bbox 178 1317 262 1379; x_wconf 81' lang='lat' dir='ltr'>ciem</span> <span class='ocrx_word' id='word_1_64' title='bbox 284 1307 531 1376; x_wconf 84' lang='lat' dir='ltr'>dubitetionem:</span> <span class='ocrx_word' id='word_1_65' title='bbox 554 1330 626 1376; x_wconf 87' lang='lat' dir='ltr'>nem</span> <span class='ocrx_word' id='word_1_66' title='bbox 647 1311 763 1385; x_wconf 82' lang='lat' dir='ltr'>verbe,</span> <span class='ocrx_word' id='word_1_67' title='bbox 785 1311 891 1376; x_wconf 83' lang='lat' dir='ltr'>vultus</span> <span class='ocrx_word' id='word_1_68' title='bbox 910 1309 944 1374; x_wconf 90' lang='lat' dir='ltr'>in</span> <span class='ocrx_word' id='word_1_69' title='bbox 965 1310 1085 1375; x_wconf 82' lang='lat' dir='ltr'>crimen</span> <span class='ocrx_word' id='word_1_70' title='bbox 1106 1306 1296 1395; x_wconf 87' lang='lat' dir='ltr'>detorquens</span> <span class='ocrx_word' id='word_1_71' title='bbox 1316 1302 1520 1373; x_wconf 77' lang='lat' dir='ltr'>recondebat.</span> 
     </span>
     <span class='ocr_line' id='line_1_9' title="bbox 264 1419 1517 1510; baseline -0.004 -22"><span class='ocrx_word' id='word_1_72' title='bbox 264 1421 304 1506; x_wconf 78' lang='lat'>(8)</span> <span class='ocrx_word' id='word_1_73' title='bbox 337 1422 424 1488; x_wconf 87' lang='lat' dir='ltr'>Nihil</span> <span class='ocrx_word' id='word_1_74' title='bbox 452 1422 555 1510; x_wconf 93' lang='lat' dir='ltr'>primo</span> <span class='ocrx_word' id='word_1_75' title='bbox 584 1431 712 1489; x_wconf 77' lang='lat' dir='ltr'>senatus</span> <span class='ocrx_word' id='word_1_76' title='bbox 740 1423 792 1488; x_wconf 89' lang='lat' dir='ltr'>die</span> <span class='ocrx_word' id='word_1_77' title='bbox 821 1423 872 1507; x_wconf 77' lang='lat' dir='ltr'>egi</span> <span class='ocrx_word' id='word_1_78' title='bbox 885 1442 1009 1510; x_wconf 76' lang='lat' dir='ltr'>,pessus</span> <span class='ocrx_word' id='word_1_79' title='bbox 1037 1421 1099 1487; x_wconf 85' lang='lat' dir='ltr'>nisi</span> <span class='ocrx_word' id='word_1_80' title='bbox 1127 1423 1167 1486; x_wconf 95' lang='lat' dir='ltr'>de</span> <span class='ocrx_word' id='word_1_81' title='bbox 1189 1422 1343 1508; x_wconf 77' lang='lat' dir='ltr'>supremis</span> <span class='ocrx_word' id='word_1_82' title='bbox 1365 1419 1517 1504; x_wconf 78' lang='lat' dir='ltr'>dogusti3</span> 
     </span>
     <span class='ocr_line' id='line_1_10' title="bbox 178 1512 1520 1622; baseline -0.003 -21"><span class='ocrx_word' id='word_1_83' title='bbox 178 1536 268 1602; x_wconf 84' lang='lat' dir='ltr'>enine</span> <span class='ocrx_word' id='word_1_84' title='bbox 299 1543 542 1612; x_wconf 82' lang='lat' dir='ltr'>testamentum,</span> <span class='ocrx_word' id='word_1_85' title='bbox 576 1512 709 1601; x_wconf 78' lang='lat' dir='ltr'>inlutum</span> <span class='ocrx_word' id='word_1_86' title='bbox 738 1555 796 1622; x_wconf 91' lang='lat' dir='ltr'>per</span> <span class='ocrx_word' id='word_1_87' title='bbox 823 1536 961 1620; x_wconf 77' lang='lat' dir='ltr'>virgines</span> <span class='ocrx_word' id='word_1_88' title='bbox 981 1536 1115 1611; x_wconf 83' lang='lat' dir='ltr'>Vestes,</span> <span class='ocrx_word' id='word_1_89' title='bbox 1150 1533 1312 1599; x_wconf 87' lang='lat' dir='ltr'>Tiberium</span> <span class='ocrx_word' id='word_1_90' title='bbox 1339 1540 1371 1599; x_wconf 90' lang='lat' dir='ltr'>et</span> <span class='ocrx_word' id='word_1_91' title='bbox 1398 1530 1520 1599; x_wconf 83' lang='lat' dir='ltr'>Livium</span> 
     </span>
     <span class='ocr_line' id='line_1_11' title="bbox 178 1643 1559 1734; baseline -0.003 -19"><span class='ocrx_word' id='word_1_92' title='bbox 178 1647 455 1720; x_wconf 82' lang='lat' dir='ltr'>beredeshrbnit.</span> <span class='ocrx_word' id='word_1_93' title='bbox 511 1648 601 1714; x_wconf 80' lang='lat' dir='ltr'>Livia</span> <span class='ocrx_word' id='word_1_94' title='bbox 627 1649 660 1714; x_wconf 92' lang='lat' dir='ltr'>in</span> <span class='ocrx_word' id='word_1_95' title='bbox 689 1647 838 1715; x_wconf 82' lang='lat' dir='ltr'>inmitium</span> <span class='ocrx_word' id='word_1_96' title='bbox 867 1647 977 1714; x_wconf 81' lang='lat' dir='ltr'>iulium</span> <span class='ocrx_word' id='word_1_97' title='bbox 998 1668 1180 1734; x_wconf 86' lang='lat' dir='ltr'>nomenque</span> <span class='ocrx_word' id='word_1_98' title='bbox 1200 1651 1357 1733; x_wconf 75' lang='lat' dir='ltr'>Augustae</span> <span class='ocrx_word' id='word_1_99' title='bbox 1378 1643 1559 1712; x_wconf 80' lang='lat' dir='ltr'>adsume-¹⁰</span> 
     </span>
    </p>
   </div>
   <div class='ocr_carea' id='block_1_3' title="bbox 174 1817 1523 2724">
    <p class='ocr_par' dir='ltr' id='par_1_3' title="bbox 174 1817 1523 2724">
     <span class='ocr_line' id='line_1_12' title="bbox 229 1817 1520 1887; baseline -0.001 -14"><span class='ocrx_word' id='word_1_100' title='bbox 229 1821 257 1873; x_wconf 78' lang='lat'>5.</span> <span class='ocrx_word' id='word_1_101' title='bbox 277 1822 418 1886; x_wconf 72' lang='lat' dir='ltr'>inrepsisse</span> <span class='ocrx_word' id='word_1_102' title='bbox 434 1821 480 1872; x_wconf 78' lang='lat' dir='ltr'>Mt</span> <span class='ocrx_word' id='word_1_103' title='bbox 507 1822 647 1887; x_wconf 78' lang='lat' dir='ltr'>irrepsisse</span> <span class='ocrx_word' id='word_1_104' title='bbox 665 1821 696 1872; x_wconf 89' lang='lat' dir='ltr'>B.</span> <span class='ocrx_word' id='word_1_105' title='bbox 718 1847 750 1860; x_wconf 88' lang='lat'>-</span> <span class='ocrx_word' id='word_1_106' title='bbox 780 1821 806 1873; x_wconf 86' lang='lat'>8.</span> <span class='ocrx_word' id='word_1_107' title='bbox 826 1821 973 1886; x_wconf 83' lang='lat' dir='ltr'>suproemis</span> <span class='ocrx_word' id='word_1_108' title='bbox 996 1820 1093 1885; x_wconf 88' lang='lat' dir='ltr'>(medis</span> <span class='ocrx_word' id='word_1_109' title='bbox 1110 1821 1166 1886; x_wconf 76' lang='lat' dir='ltr'>spii.</span> <span class='ocrx_word' id='word_1_110' title='bbox 1188 1817 1407 1885; x_wconf 71' lang='lat' dir='ltr'>percensent.)</span> <span class='ocrx_word' id='word_1_111' title='bbox 1428 1818 1468 1872; x_wconf 84' lang='lat' dir='ltr'>bt.</span> <span class='ocrx_word' id='word_1_112' title='bbox 1489 1845 1520 1859; x_wconf 89' lang='lat'><em>-</em></span> 
     </span>
     <span class='ocr_line' id='line_1_13' title="bbox 176 1892 1523 1959; baseline -0.002 -15"><span class='ocrx_word' id='word_1_113' title='bbox 176 1892 204 1944; x_wconf 84' lang='lat' dir='ltr'>i.</span> <span class='ocrx_word' id='word_1_114' title='bbox 223 1892 396 1943; x_wconf 82' lang='lat' dir='ltr'>ieiaeumbt:</span> <span class='ocrx_word' id='word_1_115' title='bbox 425 1893 530 1943; x_wconf 77' lang='lat' dir='ltr'>tiorum</span> <span class='ocrx_word' id='word_1_116' title='bbox 551 1893 584 1943; x_wconf 89' lang='lat' dir='ltr'>B.</span> <span class='ocrx_word' id='word_1_117' title='bbox 602 1916 630 1927; x_wconf 92' lang='lat'>-</span> <span class='ocrx_word' id='word_1_118' title='bbox 651 1895 693 1945; x_wconf 88' lang='lat' dir='ltr'>to.</span> <span class='ocrx_word' id='word_1_119' title='bbox 712 1906 744 1943; x_wconf 88' lang='lat' dir='ltr'>ae</span> <span class='ocrx_word' id='word_1_120' title='bbox 756 1894 783 1944; x_wconf 91' lang='lat' dir='ltr'>in</span> <span class='ocrx_word' id='word_1_121' title='bbox 797 1906 821 1944; x_wconf 84' lang='lat' dir='ltr'>r.</span> <span class='ocrx_word' id='word_1_122' title='bbox 836 1894 996 1959; x_wconf 78' lang='lat' dir='ltr'>Aupustaee</span> <span class='ocrx_word' id='word_1_123' title='bbox 1011 1904 1079 1942; x_wconf 85' lang='lat' dir='ltr'>eorr.</span> <span class='ocrx_word' id='word_1_124' title='bbox 1093 1892 1132 1942; x_wconf 83' lang='grc'><strong>11.</strong></span> <span class='ocrx_word' id='word_1_125' title='bbox 1158 1892 1249 1943; x_wconf 72' lang='lat' dir='ltr'>tuisse</span> <span class='ocrx_word' id='word_1_126' title='bbox 1269 1896 1352 1954; x_wconf 85' lang='lat' dir='ltr'>prime</span> <span class='ocrx_word' id='word_1_127' title='bbox 1374 1902 1455 1942; x_wconf 88' lang='lat' dir='ltr'>menn</span> <span class='ocrx_word' id='word_1_128' title='bbox 1472 1905 1523 1941; x_wconf 89' lang='lat' dir='ltr'>au·</span> 
     </span>
     <span class='ocr_line' id='line_1_14' title="bbox 177 1961 1521 2029; baseline -0.001 -15"><span class='ocrx_word' id='word_1_129' title='bbox 177 1970 261 2028; x_wconf 68' lang='lat' dir='ltr'>austu</span> <span class='ocrx_word' id='word_1_130' title='bbox 279 1969 316 2013; x_wconf 88' lang='lat' dir='ltr'>eit</span> <span class='ocrx_word' id='word_1_131' title='bbox 335 1961 510 2024; x_wconf 78' lang='lat' dir='ltr'>Doederlein,</span> <span class='ocrx_word' id='word_1_132' title='bbox 530 1963 640 2016; x_wconf 84' lang='lat' dir='ltr'>torteeee</span> <span class='ocrx_word' id='word_1_133' title='bbox 658 1964 813 2015; x_wconf 80' lang='lat' dir='ltr'>Tbiereebio</span> <span class='ocrx_word' id='word_1_134' title='bbox 834 1970 919 2023; x_wconf 67' lang='lat' dir='ltr'>testes</span> <span class='ocrx_word' id='word_1_135' title='bbox 939 1962 1010 2014; x_wconf 88' lang='lat' dir='ltr'>uude</span> <span class='ocrx_word' id='word_1_136' title='bbox 1022 1963 1287 2029; x_wconf 69' lang='lat' dir='ltr'>meroitdupustum.</span> <span class='ocrx_word' id='word_1_137' title='bbox 1326 1962 1401 2021; x_wconf 75' lang='lat' dir='ltr'>«sir,</span> <span class='ocrx_word' id='word_1_138' title='bbox 1422 1965 1521 2028; x_wconf 74' lang='lat' dir='ltr'>inquit,</span> 
     </span>
     <span class='ocr_line' id='line_1_15' title="bbox 178 2033 1522 2099; baseline 0.001 -15"><span class='ocrx_word' id='word_1_139' title='bbox 178 2035 311 2098; x_wconf 82' lang='lat' dir='ltr'>permissu</span> <span class='ocrx_word' id='word_1_140' title='bbox 321 2047 368 2096; x_wconf 90' lang='lat' dir='ltr'>pro</span> <span class='ocrx_word' id='word_1_141' title='bbox 377 2034 532 2097; x_wconf 81' lang='lat' dir='ltr'>permissum</span> <span class='ocrx_word' id='word_1_142' title='bbox 550 2034 622 2087; x_wconf 79' lang='lat' dir='ltr'>Med.</span> <span class='ocrx_word' id='word_1_143' title='bbox 643 2034 670 2084; x_wconf 75' lang='lat' dir='ltr'>t.</span> <span class='ocrx_word' id='word_1_144' title='bbox 691 2035 736 2084; x_wconf 74' lang='lat' dir='ltr'>&#39;tn</span> <span class='ocrx_word' id='word_1_145' title='bbox 771 2034 839 2085; x_wconf 81' lang='lat' dir='ltr'>Mihi</span> <span class='ocrx_word' id='word_1_146' title='bbox 858 2035 909 2085; x_wconf 86' lang='lat' dir='ltr'>boc</span> <span class='ocrx_word' id='word_1_147' title='bbox 929 2037 1006 2084; x_wconf 89' lang='lat' dir='ltr'>nimie</span> <span class='ocrx_word' id='word_1_148' title='bbox 1025 2033 1178 2098; x_wconf 73' lang='lat' dir='ltr'>ambignum</span> <span class='ocrx_word' id='word_1_149' title='bbox 1198 2033 1318 2097; x_wconf 83' lang='lat' dir='ltr'>ridetur,</span> <span class='ocrx_word' id='word_1_150' title='bbox 1338 2040 1522 2099; x_wconf 84' lang='lat' dir='ltr'>preeterqnem</span> 
     </span>
     <span class='ocr_line' id='line_1_16' title="bbox 179 2103 1522 2170; baseline -0.003 -13"><span class='ocrx_word' id='word_1_151' title='bbox 179 2104 252 2170; x_wconf 75' lang='lat' dir='ltr'>qued</span> <span class='ocrx_word' id='word_1_152' title='bbox 281 2106 382 2156; x_wconf 88' lang='lat' dir='ltr'>nulium</span> <span class='ocrx_word' id='word_1_153' title='bbox 407 2103 485 2154; x_wconf 85' lang='lat' dir='ltr'>huius</span> <span class='ocrx_word' id='word_1_154' title='bbox 508 2118 571 2156; x_wconf 88' lang='lat' dir='ltr'>usus</span> <span class='ocrx_word' id='word_1_155' title='bbox 598 2108 745 2169; x_wconf 84' lang='lat' dir='ltr'>exemptum</span> <span class='ocrx_word' id='word_1_156' title='bbox 764 2106 858 2156; x_wconf 86' lang='lat' dir='ltr'>stierre</span> <span class='ocrx_word' id='word_1_157' title='bbox 878 2108 974 2167; x_wconf 86' lang='lat' dir='ltr'>potuit.</span> <span class='ocrx_word' id='word_1_158' title='bbox 1018 2103 1219 2156; x_wconf 80' lang='lat' dir='ltr'>Meminerimus</span> <span class='ocrx_word' id='word_1_159' title='bbox 1237 2110 1326 2156; x_wconf 82' lang='lat' dir='ltr'>entem</span> <span class='ocrx_word' id='word_1_160' title='bbox 1352 2109 1473 2169; x_wconf 84' lang='lat' dir='ltr'>oportet,</span> <span class='ocrx_word' id='word_1_161' title='bbox 1494 2105 1522 2154; x_wconf 92' lang='lat' dir='ltr'>in</span> 
     </span>
     <span class='ocr_line' id='line_1_17' title="bbox 176 2173 1522 2236; baseline -0.002 -9"><span class='ocrx_word' id='word_1_162' title='bbox 176 2175 319 2227; x_wconf 72' lang='lat' dir='ltr'>(lodicibus</span> <span class='ocrx_word' id='word_1_163' title='bbox 328 2174 388 2227; x_wconf 85' lang='lat' dir='ltr'>See.</span> <span class='ocrx_word' id='word_1_164' title='bbox 400 2173 447 2223; x_wconf 81' lang='grc'><strong>111.</strong></span> <span class='ocrx_word' id='word_1_165' title='bbox 460 2180 614 2236; x_wconf 75' lang='lat' dir='ltr'>praesertim</span> <span class='ocrx_word' id='word_1_166' title='bbox 627 2176 697 2227; x_wconf 81' lang='lat' dir='ltr'>etX.</span> <span class='ocrx_word' id='word_1_167' title='bbox 709 2178 843 2235; x_wconf 85' lang='lat' dir='ltr'>ineuntis,</span> <span class='ocrx_word' id='word_1_168' title='bbox 863 2178 942 2228; x_wconf 86' lang='lat' dir='ltr'>etiem</span> <span class='ocrx_word' id='word_1_169' title='bbox 954 2180 980 2226; x_wconf 90' lang='lat' dir='ltr'>in</span> <span class='ocrx_word' id='word_1_170' title='bbox 990 2175 1074 2226; x_wconf 86' lang='lat' dir='ltr'>Teciti</span> <span class='ocrx_word' id='word_1_171' title='bbox 1086 2175 1209 2227; x_wconf 82' lang='lat' dir='ltr'>Medieeo</span> <span class='ocrx_word' id='word_1_172' title='bbox 1224 2181 1317 2236; x_wconf 79' lang='lat' dir='ltr'>prime,</span> <span class='ocrx_word' id='word_1_173' title='bbox 1338 2175 1438 2229; x_wconf 87' lang='lat' dir='ltr'>titteree</span> <span class='ocrx_word' id='word_1_174' title='bbox 1456 2190 1476 2224; x_wconf 91' lang='lat' dir='ltr'>u</span> <span class='ocrx_word' id='word_1_175' title='bbox 1494 2178 1522 2225; x_wconf 87' lang='lat' dir='ltr'>et</span> 
     </span>
     <span class='ocr_line' id='line_1_18' title="bbox 174 2245 1523 2311; baseline -0.001 -15"><span class='ocrx_word' id='word_1_176' title='bbox 174 2261 192 2296; x_wconf 85' lang='lat' dir='ltr'>c</span> <span class='ocrx_word' id='word_1_177' title='bbox 218 2245 301 2308; x_wconf 80' lang='lat' dir='ltr'>(bene</span> <span class='ocrx_word' id='word_1_178' title='bbox 328 2257 445 2308; x_wconf 86' lang='lat' dir='ltr'>superne</span> <span class='ocrx_word' id='word_1_179' title='bbox 470 2247 586 2310; x_wconf 81' lang='lat' dir='ltr'>punitum</span> <span class='ocrx_word' id='word_1_180' title='bbox 612 2253 741 2309; x_wconf 86' lang='lat' dir='ltr'>eperiemi</span> <span class='ocrx_word' id='word_1_181' title='bbox 760 2246 883 2311; x_wconf 65' lang='lat' dir='ltr'>distingui</span> <span class='ocrx_word' id='word_1_182' title='bbox 902 2248 943 2300; x_wconf 88' lang='lat' dir='ltr'>ris</span> <span class='ocrx_word' id='word_1_183' title='bbox 963 2260 1056 2311; x_wconf 83' lang='lat' dir='ltr'>posse.</span> <span class='ocrx_word' id='word_1_184' title='bbox 1078 2253 1108 2297; x_wconf 90' lang='lat' dir='ltr'>ut</span> <span class='ocrx_word' id='word_1_185' title='bbox 1125 2246 1189 2297; x_wconf 85' lang='lat' dir='ltr'>teies</span> <span class='ocrx_word' id='word_1_186' title='bbox 1208 2247 1289 2298; x_wconf 91' lang='lat' dir='ltr'>tibroe</span> <span class='ocrx_word' id='word_1_187' title='bbox 1309 2246 1449 2301; x_wconf 84' lang='lat' dir='ltr'>conterens</span> <span class='ocrx_word' id='word_1_188' title='bbox 1461 2258 1523 2309; x_wconf 71' lang='lat' dir='ltr'>ego·</span> 
     </span>
     <span class='ocr_line' id='line_1_19' title="bbox 175 2314 1522 2382; baseline 0 -16"><span class='ocrx_word' id='word_1_189' title='bbox 175 2325 231 2367; x_wconf 86' lang='lat' dir='ltr'>met</span> <span class='ocrx_word' id='word_1_190' title='bbox 248 2321 305 2378; x_wconf 88' lang='lat' dir='ltr'>ipse</span> <span class='ocrx_word' id='word_1_191' title='bbox 322 2317 477 2379; x_wconf 87' lang='lat' dir='ltr'>eeeptseime</span> <span class='ocrx_word' id='word_1_192' title='bbox 494 2319 566 2380; x_wconf 81' lang='lat' dir='ltr'>ridi,</span> <span class='ocrx_word' id='word_1_193' title='bbox 597 2319 708 2369; x_wconf 88' lang='lat' dir='ltr'>undeet</span> <span class='ocrx_word' id='word_1_194' title='bbox 728 2332 756 2369; x_wconf 96' lang='lat' dir='ltr'>re</span> <span class='ocrx_word' id='word_1_195' title='bbox 784 2329 844 2370; x_wconf 83' lang='lat' dir='ltr'>rere</span> <span class='ocrx_word' id='word_1_196' title='bbox 870 2330 909 2378; x_wconf 91' lang='lat' dir='ltr'>pr.</span> <span class='ocrx_word' id='word_1_197' title='bbox 929 2328 965 2366; x_wconf 90' lang='lat' dir='ltr'>m.</span> <span class='ocrx_word' id='word_1_198' title='bbox 993 2317 1066 2368; x_wconf 83' lang='lat' dir='ltr'>dedit</span> <span class='ocrx_word' id='word_1_199' title='bbox 1093 2324 1211 2382; x_wconf 75' lang='lat' dir='ltr'>oupustu</span> <span class='ocrx_word' id='word_1_200' title='bbox 1239 2314 1280 2382; x_wconf 87' lang='lat' dir='ltr'>(id</span> <span class='ocrx_word' id='word_1_201' title='bbox 1306 2318 1378 2380; x_wconf 78' lang='lat' dir='ltr'>qnod</span> <span class='ocrx_word' id='word_1_202' title='bbox 1399 2317 1522 2368; x_wconf 86' lang='lat' dir='ltr'>Beiierne</span> 
     </span>
     <span class='ocr_line' id='line_1_20' title="bbox 175 2385 1521 2454; baseline -0.002 -15"><span class='ocrx_word' id='word_1_203' title='bbox 175 2391 273 2439; x_wconf 85' lang='lat' dir='ltr'>iterum</span> <span class='ocrx_word' id='word_1_204' title='bbox 301 2387 433 2452; x_wconf 83' lang='lat' dir='ltr'>inspecto·</span> <span class='ocrx_word' id='word_1_205' title='bbox 451 2386 550 2441; x_wconf 81' lang='lat' dir='ltr'>Codice</span> <span class='ocrx_word' id='word_1_206' title='bbox 575 2390 701 2441; x_wconf 87' lang='lat' dir='ltr'>etiismrri</span> <span class='ocrx_word' id='word_1_207' title='bbox 730 2401 806 2451; x_wconf 86' lang='lat' dir='ltr'>poree</span> <span class='ocrx_word' id='word_1_208' title='bbox 832 2385 941 2452; x_wconf 70' lang='lat' dir='ltr'>neget).</span> <span class='ocrx_word' id='word_1_209' title='bbox 971 2388 1064 2439; x_wconf 88' lang='lat' dir='ltr'>eedem</span> <span class='ocrx_word' id='word_1_210' title='bbox 1092 2390 1171 2439; x_wconf 88' lang='lat' dir='ltr'>etiem</span> <span class='ocrx_word' id='word_1_211' title='bbox 1190 2387 1240 2450; x_wconf 72' lang='lat' dir='ltr'>tegi</span> <span class='ocrx_word' id='word_1_212' title='bbox 1260 2393 1364 2450; x_wconf 88' lang='lat' dir='ltr'>poteret</span> <span class='ocrx_word' id='word_1_213' title='bbox 1388 2392 1521 2454; x_wconf 76' lang='lat' dir='ltr'>eupasia,</span> 
     </span>
     <span class='ocr_line' id='line_1_21' title="bbox 175 2453 1523 2523; baseline 0 -14"><span class='ocrx_word' id='word_1_214' title='bbox 175 2466 248 2510; x_wconf 84' lang='lat' dir='ltr'>recte</span> <span class='ocrx_word' id='word_1_215' title='bbox 266 2466 398 2511; x_wconf 76' lang='lat' dir='ltr'>mumioni</span> <span class='ocrx_word' id='word_1_216' title='bbox 418 2453 464 2518; x_wconf 87' lang='lat' dir='ltr'>(eb</span> <span class='ocrx_word' id='word_1_217' title='bbox 483 2460 575 2511; x_wconf 88' lang='lat' dir='ltr'>eedem</span> <span class='ocrx_word' id='word_1_218' title='bbox 595 2460 688 2519; x_wconf 84' lang='lat' dir='ltr'>meno)</span> <span class='ocrx_word' id='word_1_219' title='bbox 707 2461 733 2509; x_wconf 93' lang='lat' dir='ltr'>in</span> <span class='ocrx_word' id='word_1_220' title='bbox 752 2458 894 2523; x_wconf 77' lang='lat' dir='ltr'>Aupustae.</span> <span class='ocrx_word' id='word_1_221' title='bbox 932 2457 986 2508; x_wconf 77' lang='lat' dir='ltr'>etr.</span> <span class='ocrx_word' id='word_1_222' title='bbox 1007 2460 1102 2510; x_wconf 88' lang='lat' dir='ltr'>ineerr.</span> <span class='ocrx_word' id='word_1_223' title='bbox 1123 2471 1159 2508; x_wconf 91' lang='lat' dir='ltr'>m.</span> <span class='ocrx_word' id='word_1_224' title='bbox 1180 2457 1237 2509; x_wconf 83' lang='lat' dir='ltr'>Lei.</span> <span class='ocrx_word' id='word_1_225' title='bbox 1257 2459 1288 2510; x_wconf 87' lang='lat' dir='ltr'>N.</span> <span class='ocrx_word' id='word_1_226' title='bbox 1307 2460 1378 2511; x_wconf 75' lang='lat' dir='ltr'>bibe</span> <span class='ocrx_word' id='word_1_227' title='bbox 1400 2458 1415 2509; x_wconf 89' lang='lat' dir='ltr'>i</span> <span class='ocrx_word' id='word_1_228' title='bbox 1420 2456 1523 2509; x_wconf 71' lang='grc'><strong>11118</strong></span> 
     </span>
     <span class='ocr_line' id='line_1_22' title="bbox 174 2526 1520 2592; baseline -0.001 -11"><span class='ocrx_word' id='word_1_229' title='bbox 174 2529 256 2581; x_wconf 71' lang='lat' dir='ltr'>otti</span> <span class='ocrx_word' id='word_1_230' title='bbox 273 2526 428 2580; x_wconf 71' lang='lat' dir='ltr'>sitisse</span> <span class='ocrx_word' id='word_1_231' title='bbox 443 2527 474 2579; x_wconf 82' lang='lat' dir='ltr'>F.</span> <span class='ocrx_word' id='word_1_232' title='bbox 493 2527 679 2581; x_wconf 67' lang='lat' dir='ltr'>troistest</span> <span class='ocrx_word' id='word_1_233' title='bbox 705 2535 757 2581; x_wconf 87' lang='lat' dir='ltr'>eet.</span> <span class='ocrx_word' id='word_1_234' title='bbox 799 2526 994 2580; x_wconf 76' lang='lat' dir='ltr'>Adeumebaiur</span> <span class='ocrx_word' id='word_1_235' title='bbox 1020 2535 1107 2581; x_wconf 86' lang='lat' dir='ltr'>entem</span> <span class='ocrx_word' id='word_1_236' title='bbox 1133 2540 1181 2592; x_wconf 92' lang='lat' dir='ltr'>pro</span> <span class='ocrx_word' id='word_1_237' title='bbox 1204 2529 1421 2589; x_wconf 59' lang='lat' dir='ltr'>odrembebotun</span> <span class='ocrx_word' id='word_1_238' title='bbox 1449 2529 1520 2591; x_wconf 78' lang='lat' dir='ltr'>cuod</span> 
     </span>
     <span class='ocr_line' id='line_1_23' title="bbox 174 2597 1521 2664; baseline 0.002 -14"><span class='ocrx_word' id='word_1_239' title='bbox 174 2600 330 2664; x_wconf 75' lang='lat' dir='ltr'>requirebat</span> <span class='ocrx_word' id='word_1_240' title='bbox 347 2597 525 2659; x_wconf 78' lang='lat' dir='ltr'>Doederlein,</span> <span class='ocrx_word' id='word_1_241' title='bbox 555 2604 674 2664; x_wconf 83' lang='lat' dir='ltr'>uoemrie</span> <span class='ocrx_word' id='word_1_242' title='bbox 699 2602 786 2663; x_wconf 90' lang='lat' dir='ltr'>eptius</span> <span class='ocrx_word' id='word_1_243' title='bbox 811 2603 891 2651; x_wconf 87' lang='lat' dir='ltr'>etiem</span> <span class='ocrx_word' id='word_1_244' title='bbox 917 2606 987 2652; x_wconf 86' lang='lat' dir='ltr'>esset</span> <span class='ocrx_word' id='word_1_245' title='bbox 1008 2598 1222 2658; x_wconf 69' lang='lat' dir='ltr'>omcismbotur,</span> <span class='ocrx_word' id='word_1_246' title='bbox 1248 2604 1276 2651; x_wconf 90' lang='lat' dir='ltr'>in</span> <span class='ocrx_word' id='word_1_247' title='bbox 1302 2599 1394 2651; x_wconf 86' lang='lat' dir='ltr'>Teeito</span> <span class='ocrx_word' id='word_1_248' title='bbox 1420 2600 1521 2652; x_wconf 88' lang='lat' dir='ltr'>noiiem</span> 
     </span>
     <span class='ocr_line' id='line_1_24' title="bbox 176 2670 1276 2724; baseline -0.005 -2"><span class='ocrx_word' id='word_1_249' title='bbox 176 2675 288 2722; x_wconf 80' lang='lat' dir='ltr'>omnine</span> <span class='ocrx_word' id='word_1_250' title='bbox 307 2672 415 2724; x_wconf 82' lang='lat' dir='ltr'>exbibet</span> <span class='ocrx_word' id='word_1_251' title='bbox 433 2670 626 2724; x_wconf 78' lang='lat' dir='ltr'>didiscitetem.</span> <span class='ocrx_word' id='word_1_252' title='bbox 645 2671 698 2724; x_wconf 86' lang='grc' dir='ltr'>Οι.</span> <span class='ocrx_word' id='word_1_253' title='bbox 719 2696 751 2709; x_wconf 92' lang='grc'>-</span> <span class='ocrx_word' id='word_1_254' title='bbox 771 2670 960 2723; x_wconf 73' lang='lat' dir='ltr'>adescribetur</span> <span class='ocrx_word' id='word_1_255' title='bbox 976 2671 1023 2722; x_wconf 78' lang='lat' dir='ltr'>m:</span> <span class='ocrx_word' id='word_1_256' title='bbox 1042 2670 1227 2723; x_wconf 72' lang='lat' dir='ltr'>assumebatur</span> <span class='ocrx_word' id='word_1_257' title='bbox 1245 2671 1276 2722; x_wconf 86' lang='lat' dir='ltr'>ti.</span> 
     </span>
    </p>
   </div>
   <div class='ocr_carea' id='block_1_4' title="bbox 141 2810 1524 5282">
    <p class='ocr_par' dir='ltr' id='par_1_4' title="bbox 141 2810 1524 5282">
     <span class='ocr_line' id='line_1_25' title="bbox 176 2810 1521 2881; baseline 0.001 -14"><span class='ocrx_word' id='word_1_258' title='bbox 176 2818 331 2879; x_wconf 81' lang='lat' dir='ltr'>induxerit,</span> <span class='ocrx_word' id='word_1_259' title='bbox 369 2816 452 2881; x_wconf 80' lang='lat' dir='ltr'>idque</span> <span class='ocrx_word' id='word_1_260' title='bbox 474 2819 560 2869; x_wconf 88' lang='lat' dir='ltr'>omitti</span> <span class='ocrx_word' id='word_1_261' title='bbox 580 2817 631 2869; x_wconf 88' lang='lat' dir='ltr'>sibi</span> <span class='ocrx_word' id='word_1_262' title='bbox 658 2829 711 2869; x_wconf 90' lang='lat' dir='ltr'>nou</span> <span class='ocrx_word' id='word_1_263' title='bbox 738 2817 827 2873; x_wconf 79' lang='lat' dir='ltr'>iirerr.</span> <span class='ocrx_word' id='word_1_264' title='bbox 867 2812 922 2880; x_wconf 87' lang='lat' dir='ltr'>nee]</span> <span class='ocrx_word' id='word_1_265' title='bbox 943 2823 1002 2868; x_wconf 84' lang='lat' dir='ltr'>orto</span> <span class='ocrx_word' id='word_1_266' title='bbox 1013 2816 1046 2867; x_wconf 94' lang='lat' dir='ltr'>ed</span> <span class='ocrx_word' id='word_1_267' title='bbox 1058 2817 1180 2870; x_wconf 83' lang='lat' dir='ltr'>liberum</span> <span class='ocrx_word' id='word_1_268' title='bbox 1193 2817 1220 2868; x_wconf 92' lang='lat' dir='ltr'>in</span> <span class='ocrx_word' id='word_1_269' title='bbox 1238 2820 1295 2881; x_wconf 83' lang='lat' dir='ltr'>ripe</span> <span class='ocrx_word' id='word_1_270' title='bbox 1310 2816 1410 2870; x_wconf 81' lang='lat' dir='ltr'>(iettiee</span> <span class='ocrx_word' id='word_1_271' title='bbox 1419 2811 1460 2880; x_wconf 81' lang='lat' dir='ltr'>(G.</span> <span class='ocrx_word' id='word_1_272' title='bbox 1470 2810 1521 2879; x_wconf 86' lang='grc'><strong>8.),</strong></span> 
     </span>
     <span class='ocr_line' id='line_1_26' title="bbox 175 2895 1521 2962; baseline 0.001 -14"><span class='ocrx_word' id='word_1_273' title='bbox 175 2900 302 2961; x_wconf 71' lang='lat' dir='ltr'>connum</span> <span class='ocrx_word' id='word_1_274' title='bbox 332 2897 366 2948; x_wconf 89' lang='lat' dir='ltr'>ed</span> <span class='ocrx_word' id='word_1_275' title='bbox 397 2897 525 2957; x_wconf 85' lang='lat' dir='ltr'>bonorem</span> <span class='ocrx_word' id='word_1_276' title='bbox 547 2897 659 2962; x_wconf 74' lang='lat' dir='ltr'>Augusti</span> <span class='ocrx_word' id='word_1_277' title='bbox 687 2901 828 2961; x_wconf 83' lang='lat' dir='ltr'>periineet.</span> <span class='ocrx_word' id='word_1_278' title='bbox 868 2900 1058 2960; x_wconf 66' lang='lat' dir='ltr'>prestiturum,</span> <span class='ocrx_word' id='word_1_279' title='bbox 1094 2911 1148 2950; x_wconf 88' lang='lat' dir='ltr'>uno</span> <span class='ocrx_word' id='word_1_280' title='bbox 1176 2898 1250 2958; x_wconf 81' lang='lat' dir='ltr'>ioco,</span> <span class='ocrx_word' id='word_1_281' title='bbox 1290 2899 1395 2961; x_wconf 85' lang='lat' dir='ltr'>imperii</span> <span class='ocrx_word' id='word_1_282' title='bbox 1428 2895 1521 2950; x_wconf 82' lang='lat' dir='ltr'>robur.</span> 
     </span>
     <span class='ocr_line' id='line_1_27' title="bbox 174 2973 1521 3043; baseline 0.001 -15"><span class='ocrx_word' id='word_1_283' title='bbox 174 2977 247 3041; x_wconf 80' lang='lat' dir='ltr'>Quid</span> <span class='ocrx_word' id='word_1_284' title='bbox 269 2980 319 3029; x_wconf 78' lang='lat' dir='ltr'>hee</span> <span class='ocrx_word' id='word_1_285' title='bbox 338 2980 458 3030; x_wconf 87' lang='lat' dir='ltr'>cretione</span> <span class='ocrx_word' id='word_1_286' title='bbox 479 2978 626 3030; x_wconf 85' lang='lat' dir='ltr'>modestior</span> <span class='ocrx_word' id='word_1_287' title='bbox 647 2991 704 3030; x_wconf 87' lang='lat' dir='ltr'>eese</span> <span class='ocrx_word' id='word_1_288' title='bbox 726 2983 830 3039; x_wconf 87' lang='lat' dir='ltr'>poteret</span> <span class='ocrx_word' id='word_1_289' title='bbox 868 2973 949 3041; x_wconf 75' lang='lat' dir='ltr'>(dun.</span> <span class='ocrx_word' id='word_1_290' title='bbox 969 2978 1001 3038; x_wconf 87' lang='grc'>4,</span> <span class='ocrx_word' id='word_1_291' title='bbox 1021 2979 1061 3037; x_wconf 84' lang='lat'>5.)</span> <span class='ocrx_word' id='word_1_292' title='bbox 1078 2979 1169 3043; x_wconf 78' lang='lat' dir='ltr'>dique</span> <span class='ocrx_word' id='word_1_293' title='bbox 1190 2992 1237 3030; x_wconf 91' lang='lat' dir='ltr'>eee</span> <span class='ocrx_word' id='word_1_294' title='bbox 1259 2990 1318 3029; x_wconf 85' lang='lat' dir='ltr'>curn</span> <span class='ocrx_word' id='word_1_295' title='bbox 1340 2980 1396 3030; x_wconf 88' lang='lat' dir='ltr'>euie</span> <span class='ocrx_word' id='word_1_296' title='bbox 1415 2977 1521 3029; x_wconf 88' lang='lat' dir='ltr'>ensiiiie</span> 
     </span>
     <span class='ocr_line' id='line_1_28' title="bbox 172 3057 1521 3127; baseline -0.001 -16"><span class='ocrx_word' id='word_1_297' title='bbox 172 3060 202 3111; x_wconf 85' lang='lat' dir='ltr'>ie</span> <span class='ocrx_word' id='word_1_298' title='bbox 214 3072 263 3118; x_wconf 81' lang='lat' dir='ltr'>eo.</span> <span class='ocrx_word' id='word_1_299' title='bbox 283 3070 365 3127; x_wconf 71' lang='lat' dir='ltr'>quem</span> <span class='ocrx_word' id='word_1_300' title='bbox 380 3070 563 3111; x_wconf 84' lang='lat' dir='ltr'>suscessorem</span> <span class='ocrx_word' id='word_1_301' title='bbox 583 3060 687 3121; x_wconf 89' lang='lat' dir='ltr'>imperii</span> <span class='ocrx_word' id='word_1_302' title='bbox 706 3057 830 3121; x_wconf 74' lang='lat' dir='ltr'>sperchei</span> <span class='ocrx_word' id='word_1_303' title='bbox 868 3064 895 3110; x_wconf 92' lang='lat' dir='ltr'>et</span> <span class='ocrx_word' id='word_1_304' title='bbox 906 3061 1027 3119; x_wconf 80' lang='lat' dir='ltr'>equitetn</span> <span class='ocrx_word' id='word_1_305' title='bbox 1045 3058 1265 3110; x_wconf 66' lang='lat' dir='ltr'>taciturnum.</span> <span class='ocrx_word' id='word_1_306' title='bbox 1280 3058 1393 3110; x_wconf 84' lang='lat' dir='ltr'>miiitum</span> <span class='ocrx_word' id='word_1_307' title='bbox 1410 3057 1521 3109; x_wconf 84' lang='lat' dir='ltr'>secede·</span> 
     </span>
     <span class='ocr_line' id='line_1_29' title="bbox 172 3135 1522 3202; baseline -0.001 -12"><span class='ocrx_word' id='word_1_308' title='bbox 172 3140 260 3190; x_wconf 86' lang='lat' dir='ltr'>cereis</span> <span class='ocrx_word' id='word_1_309' title='bbox 285 3145 395 3191; x_wconf 86' lang='lat' dir='ltr'>eeeetne</span> <span class='ocrx_word' id='word_1_310' title='bbox 414 3137 605 3190; x_wconf 79' lang='lat' dir='ltr'>metuebetret</span> <span class='ocrx_word' id='word_1_311' title='bbox 632 3138 734 3191; x_wconf 84' lang='lat' dir='ltr'>Wonr.</span> <span class='ocrx_word' id='word_1_312' title='bbox 771 3139 830 3189; x_wconf 82' lang='lat' dir='ltr'>tice</span> <span class='ocrx_word' id='word_1_313' title='bbox 867 3138 941 3189; x_wconf 74' lang='lat' dir='ltr'>beot</span> <span class='ocrx_word' id='word_1_314' title='bbox 971 3138 1048 3190; x_wconf 78' lang='lat' dir='ltr'>bere.</span> <span class='ocrx_word' id='word_1_315' title='bbox 1080 3163 1111 3175; x_wconf 93' lang='lat'><em>-</em></span> <span class='ocrx_word' id='word_1_316' title='bbox 1140 3139 1225 3190; x_wconf 87' lang='lat' dir='ltr'>dabat</span> <span class='ocrx_word' id='word_1_317' title='bbox 1250 3140 1275 3188; x_wconf 89' lang='lat' dir='ltr'>ei</span> <span class='ocrx_word' id='word_1_318' title='bbox 1299 3135 1398 3202; x_wconf 70' lang='lat' dir='ltr'>[emm]</span> <span class='ocrx_word' id='word_1_319' title='bbox 1427 3138 1522 3191; x_wconf 84' lang='lat' dir='ltr'>fleret.</span> 
     </span>
     <span class='ocr_line' id='line_1_30' title="bbox 171 3217 1523 3283; baseline -0.002 -12"><span class='ocrx_word' id='word_1_320' title='bbox 171 3223 265 3271; x_wconf 77' lang='lat' dir='ltr'>eutem</span> <span class='ocrx_word' id='word_1_321' title='bbox 284 3218 403 3270; x_wconf 85' lang='lat' dir='ltr'>edietum</span> <span class='ocrx_word' id='word_1_322' title='bbox 418 3217 588 3278; x_wconf 86' lang='lat' dir='ltr'>Noiemiett‚</span> <span class='ocrx_word' id='word_1_323' title='bbox 606 3232 660 3283; x_wconf 77' lang='lat' dir='ltr'>qno</span> <span class='ocrx_word' id='word_1_324' title='bbox 677 3232 710 3271; x_wconf 84' lang='lat' dir='ltr'>ee</span> <span class='ocrx_word' id='word_1_325' title='bbox 728 3217 829 3282; x_wconf 89' lang='lat' dir='ltr'>oppido</span> <span class='ocrx_word' id='word_1_326' title='bbox 867 3218 1089 3279; x_wconf 47' lang='lat' dir='ltr'>§summit</span> <span class='ocrx_word' id='word_1_327' title='bbox 1118 3218 1404 3283; x_wconf 62' lang='lat' dir='ltr'>mcucutdfasnuei</span> <span class='ocrx_word' id='word_1_328' title='bbox 1423 3241 1455 3255; x_wconf 89' lang='lat'><em>-</em></span> <span class='ocrx_word' id='word_1_329' title='bbox 1481 3219 1523 3268; x_wconf 85' lang='lat' dir='ltr'>ies·</span> 
     </span>
     <span class='ocr_line' id='line_1_31' title="bbox 172 3292 1521 3370; baseline -0.001 -19"><span class='ocrx_word' id='word_1_330' title='bbox 172 3299 207 3352; x_wconf 84' lang='lat' dir='ltr'>sd</span> <span class='ocrx_word' id='word_1_331' title='bbox 227 3295 370 3363; x_wconf 77' lang='grc' dir='ltr'><strong><em>σώματὰ</em></strong></span> <span class='ocrx_word' id='word_1_332' title='bbox 391 3297 445 3351; x_wconf 77' lang='grc' dir='ltr'>τοῦ</span> <span class='ocrx_word' id='word_1_333' title='bbox 457 3294 635 3366; x_wconf 69' lang='grc' dir='ltr'><em>Αὐγούστου</em></span> <span class='ocrx_word' id='word_1_334' title='bbox 646 3298 721 3367; x_wconf 73' lang='grc' dir='ltr'><strong><em>πρὸς</em></strong></span> <span class='ocrx_word' id='word_1_335' title='bbox 729 3292 830 3370; x_wconf 75' lang='grc' dir='ltr'><em>Ῥώμῃ</em></span> <span class='ocrx_word' id='word_1_336' title='bbox 868 3294 984 3362; x_wconf 65' lang='lat' dir='ltr'>mom]</span> <span class='ocrx_word' id='word_1_337' title='bbox 1008 3301 1126 3361; x_wconf 87' lang='lat' dir='ltr'>speeiem</span> <span class='ocrx_word' id='word_1_338' title='bbox 1151 3298 1324 3349; x_wconf 83' lang='lat' dir='ltr'>dobtmrionie</span> <span class='ocrx_word' id='word_1_339' title='bbox 1348 3304 1521 3361; x_wconf 81' lang='lat' dir='ltr'>suomptem.</span> 
     </span>
     <span class='ocr_line' id='line_1_32' title="bbox 171 3375 1523 3448; baseline -0.001 -17"><span class='ocrx_word' id='word_1_340' title='bbox 171 3375 338 3446; x_wconf 69' lang='grc' dir='ltr'>γινόμενον</span> <span class='ocrx_word' id='word_1_341' title='bbox 360 3377 391 3429; x_wconf 84' lang='grc' dir='ltr'>ο1</span> <span class='ocrx_word' id='word_1_342' title='bbox 417 3378 515 3440; x_wconf 64' lang='lat' dir='ltr'>tenete</span> <span class='ocrx_word' id='word_1_343' title='bbox 536 3375 758 3448; x_wconf 76' lang='grc' dir='ltr'><em>παραλαβόντες</em></span> <span class='ocrx_word' id='word_1_344' title='bbox 782 3393 829 3429; x_wconf 83' lang='lat' dir='ltr'>uo·</span> <span class='ocrx_word' id='word_1_345' title='bbox 866 3377 996 3429; x_wconf 76' lang='lat' dir='ltr'>iuducere</span> <span class='ocrx_word' id='word_1_346' title='bbox 1014 3378 1112 3430; x_wconf 86' lang='lat' dir='ltr'>dieitur</span> <span class='ocrx_word' id='word_1_347' title='bbox 1128 3378 1164 3430; x_wconf 86' lang='lat' dir='ltr'>de</span> <span class='ocrx_word' id='word_1_348' title='bbox 1179 3391 1260 3441; x_wconf 88' lang='lat' dir='ltr'>opere</span> <span class='ocrx_word' id='word_1_349' title='bbox 1278 3381 1408 3438; x_wconf 79' lang='lat' dir='ltr'>tectorio,</span> <span class='ocrx_word' id='word_1_350' title='bbox 1427 3378 1523 3430; x_wconf 88' lang='lat' dir='ltr'>eoiori·</span> 
     </span>
     <span class='ocr_line' id='line_1_33' title="bbox 171 3450 1524 3529; baseline -0.001 -20"><span class='ocrx_word' id='word_1_351' title='bbox 171 3455 246 3522; x_wconf 73' lang='grc' dir='ltr'>ιιιός</span> <span class='ocrx_word' id='word_1_352' title='bbox 280 3455 311 3521; x_wconf 73' lang='grc' dir='ltr'>ἐς</span> <span class='ocrx_word' id='word_1_353' title='bbox 337 3455 373 3508; x_wconf 79' lang='lat' dir='ltr'>eri</span> <span class='ocrx_word' id='word_1_354' title='bbox 398 3450 477 3510; x_wconf 79' lang='grc' dir='ltr'>ἄστυ</span> <span class='ocrx_word' id='word_1_355' title='bbox 510 3452 706 3522; x_wconf 66' lang='lat' dir='ltr'>insudamus,</span> <span class='ocrx_word' id='word_1_356' title='bbox 737 3455 774 3529; x_wconf 76' lang='grc' dir='ltr'>τῇ</span> <span class='ocrx_word' id='word_1_357' title='bbox 799 3456 830 3509; x_wconf 83' lang='lat' dir='ltr'>ii</span> <span class='ocrx_word' id='word_1_358' title='bbox 868 3459 918 3510; x_wconf 88' lang='lat' dir='ltr'>boe</span> <span class='ocrx_word' id='word_1_359' title='bbox 945 3463 972 3509; x_wconf 88' lang='lat' dir='ltr'>et</span> <span class='ocrx_word' id='word_1_360' title='bbox 997 3460 1145 3522; x_wconf 70' lang='lat' dir='ltr'>pigmentis.</span> <span class='ocrx_word' id='word_1_361' title='bbox 1171 3457 1280 3509; x_wconf 82' lang='lat' dir='ltr'>linense.</span> <span class='ocrx_word' id='word_1_362' title='bbox 1308 3485 1342 3495; x_wconf 96' lang='lat'><em>-</em></span> <span class='ocrx_word' id='word_1_363' title='bbox 1371 3458 1402 3510; x_wconf 82' lang='lat' dir='ltr'>tn</span> <span class='ocrx_word' id='word_1_364' title='bbox 1423 3460 1524 3509; x_wconf 77' lang='lat' dir='ltr'>ersmers</span> 
     </span>
     <span class='ocr_line' id='line_1_34' title="bbox 172 3532 1521 3610; baseline -0.001 -22"><span class='ocrx_word' id='word_1_365' title='bbox 172 3532 576 3610; x_wconf 71' lang='lat' dir='ltr'>imepatuiiocitq&#39;iyiueuo.</span> <span class='ocrx_word' id='word_1_366' title='bbox 594 3536 713 3595; x_wconf 81' lang='lat' dir='ltr'>litabit,</span> <span class='ocrx_word' id='word_1_367' title='bbox 732 3536 776 3586; x_wconf 85' lang='grc'><strong>31.</strong></span> <span class='ocrx_word' id='word_1_368' title='bbox 799 3559 826 3570; x_wconf 94' lang='grc'><strong>-</strong></span> <span class='ocrx_word' id='word_1_369' title='bbox 867 3534 1034 3601; x_wconf 79' lang='lat' dir='ltr'>detorquens]</span> <span class='ocrx_word' id='word_1_370' title='bbox 1062 3540 1090 3588; x_wconf 89' lang='lat' dir='ltr'>in</span> <span class='ocrx_word' id='word_1_371' title='bbox 1118 3537 1276 3590; x_wconf 88' lang='lat' dir='ltr'>deteriorem</span> <span class='ocrx_word' id='word_1_372' title='bbox 1302 3545 1421 3601; x_wconf 71' lang='lat' dir='ltr'>penem.</span> <span class='ocrx_word' id='word_1_373' title='bbox 1453 3537 1521 3590; x_wconf 92' lang='lat' dir='ltr'>edeo</span> 
     </span>
     <span class='ocr_line' id='line_1_35' title="bbox 170 3612 1523 3684; baseline 0.002 -17"><span class='ocrx_word' id='word_1_374' title='bbox 170 3624 202 3667; x_wconf 89' lang='lat' dir='ltr'>ue</span> <span class='ocrx_word' id='word_1_375' title='bbox 218 3612 379 3679; x_wconf 70' lang='lat' dir='ltr'>inperator]</span> <span class='ocrx_word' id='word_1_376' title='bbox 398 3628 468 3666; x_wconf 85' lang='lat' dir='ltr'>noro</span> <span class='ocrx_word' id='word_1_377' title='bbox 485 3628 559 3666; x_wconf 89' lang='lat' dir='ltr'>more</span> <span class='ocrx_word' id='word_1_378' title='bbox 578 3615 640 3669; x_wconf 90' lang='lat' dir='ltr'>inde</span> <span class='ocrx_word' id='word_1_379' title='bbox 653 3629 668 3666; x_wconf 91' lang='lat' dir='ltr'>e</span> <span class='ocrx_word' id='word_1_380' title='bbox 680 3616 748 3668; x_wconf 86' lang='lat' dir='ltr'>lulio</span> <span class='ocrx_word' id='word_1_381' title='bbox 764 3615 830 3668; x_wconf 74' lang='lat' dir='ltr'>(iee-</span> <span class='ocrx_word' id='word_1_382' title='bbox 866 3624 897 3668; x_wconf 89' lang='lat' dir='ltr'>ut</span> <span class='ocrx_word' id='word_1_383' title='bbox 914 3618 1000 3670; x_wconf 86' lang='lat' dir='ltr'>obiete</span> <span class='ocrx_word' id='word_1_384' title='bbox 1020 3620 1156 3670; x_wconf 85' lang='lat' dir='ltr'>oeeseioue</span> <span class='ocrx_word' id='word_1_385' title='bbox 1180 3632 1255 3680; x_wconf 80' lang='lat' dir='ltr'>enm.</span> <span class='ocrx_word' id='word_1_386' title='bbox 1286 3620 1314 3670; x_wconf 92' lang='lat' dir='ltr'>io</span> <span class='ocrx_word' id='word_1_387' title='bbox 1333 3631 1386 3684; x_wconf 82' lang='lat' dir='ltr'>quo</span> <span class='ocrx_word' id='word_1_388' title='bbox 1405 3618 1523 3670; x_wconf 87' lang='lat' dir='ltr'>otieude·</span> 
     </span>
     <span class='ocr_line' id='line_1_36' title="bbox 170 3696 1523 3760; baseline 0.001 -11"><span class='ocrx_word' id='word_1_389' title='bbox 170 3710 231 3749; x_wconf 89' lang='lat' dir='ltr'>sere</span> <span class='ocrx_word' id='word_1_390' title='bbox 244 3696 279 3747; x_wconf 91' lang='lat' dir='ltr'>ed</span> <span class='ocrx_word' id='word_1_391' title='bbox 291 3696 440 3760; x_wconf 73' lang='lat' dir='ltr'>Angustum</span> <span class='ocrx_word' id='word_1_392' title='bbox 454 3698 568 3759; x_wconf 78' lang='lat' dir='ltr'>eiusque</span> <span class='ocrx_word' id='word_1_393' title='bbox 581 3709 748 3749; x_wconf 81' lang='lat' dir='ltr'>soccessores</span> <span class='ocrx_word' id='word_1_394' title='bbox 768 3709 828 3760; x_wconf 90' lang='lat' dir='ltr'>pro·</span> <span class='ocrx_word' id='word_1_395' title='bbox 867 3703 917 3759; x_wconf 80' lang='lat' dir='ltr'>ret,</span> <span class='ocrx_word' id='word_1_396' title='bbox 936 3704 1076 3760; x_wconf 70' lang='lat' dir='ltr'>propiores</span> <span class='ocrx_word' id='word_1_397' title='bbox 1095 3700 1227 3749; x_wconf 88' lang='lat' dir='ltr'>erimineri</span> <span class='ocrx_word' id='word_1_398' title='bbox 1247 3704 1354 3760; x_wconf 75' lang='lat' dir='ltr'>posset:</span> <span class='ocrx_word' id='word_1_399' title='bbox 1373 3699 1523 3750; x_wconf 85' lang='lat' dir='ltr'>interesse</span> 
     </span>
     <span class='ocr_line' id='line_1_37' title="bbox 172 3776 1439 3842; baseline -0.002 -12"><span class='ocrx_word' id='word_1_400' title='bbox 172 3784 289 3842; x_wconf 67' lang='lat' dir='ltr'>uegetos</span> <span class='ocrx_word' id='word_1_401' title='bbox 316 3776 361 3827; x_wconf 93' lang='lat' dir='ltr'>iiie</span> <span class='ocrx_word' id='word_1_402' title='bbox 387 3778 458 3829; x_wconf 88' lang='lat' dir='ltr'>enim</span> <span class='ocrx_word' id='word_1_403' title='bbox 479 3780 584 3839; x_wconf 87' lang='lat' dir='ltr'>eeeepii</span> <span class='ocrx_word' id='word_1_404' title='bbox 601 3789 763 3842; x_wconf 79' lang='lat' dir='ltr'>praenomen</span> <span class='ocrx_word' id='word_1_405' title='bbox 780 3778 829 3828; x_wconf 85' lang='lat' dir='ltr'>im·</span> <span class='ocrx_word' id='word_1_406' title='bbox 865 3777 1039 3837; x_wconf 71' lang='lat' dir='ltr'>recutiebat,</span> <span class='ocrx_word' id='word_1_407' title='bbox 1059 3776 1125 3830; x_wconf 84' lang='lat' dir='ltr'>ciem</span> <span class='ocrx_word' id='word_1_408' title='bbox 1144 3791 1235 3830; x_wconf 86' lang='lat' dir='ltr'>eorum</span> <span class='ocrx_word' id='word_1_409' title='bbox 1253 3791 1354 3831; x_wconf 87' lang='lat' dir='ltr'>mernor</span> <span class='ocrx_word' id='word_1_410' title='bbox 1372 3782 1439 3829; x_wconf 89' lang='lat' dir='ltr'>eret.</span> 
     </span>
     <span class='ocr_line' id='line_1_38' title="bbox 168 3852 1521 3922; baseline 0.001 -15"><span class='ocrx_word' id='word_1_411' title='bbox 168 3856 308 3921; x_wconf 73' lang='lat' dir='ltr'>peraturte</span> <span class='ocrx_word' id='word_1_412' title='bbox 332 3852 418 3919; x_wconf 81' lang='lat' dir='ltr'>(Soet.</span> <span class='ocrx_word' id='word_1_413' title='bbox 445 3855 521 3908; x_wconf 83' lang='lat' dir='ltr'>Cees.</span> <span class='ocrx_word' id='word_1_414' title='bbox 542 3854 620 3920; x_wconf 74' lang='grc'>78),</span> <span class='ocrx_word' id='word_1_415' title='bbox 652 3857 723 3920; x_wconf 81' lang='lat' dir='ltr'>qnod</span> <span class='ocrx_word' id='word_1_416' title='bbox 749 3863 827 3909; x_wconf 85' lang='lat' dir='ltr'>entes</span> <span class='ocrx_word' id='word_1_417' title='bbox 901 3857 929 3908; x_wconf 83' lang='grc'><strong>8.</strong></span> <span class='ocrx_word' id='word_1_418' title='bbox 961 3857 993 3908; x_wconf 87' lang='lat' dir='ltr'>de</span> <span class='ocrx_word' id='word_1_419' title='bbox 1009 3854 1149 3922; x_wconf 84' lang='lat' dir='ltr'>supremis]</span> <span class='ocrx_word' id='word_1_420' title='bbox 1176 3858 1209 3909; x_wconf 92' lang='lat' dir='ltr'>de</span> <span class='ocrx_word' id='word_1_421' title='bbox 1234 3860 1292 3909; x_wconf 86' lang='lat' dir='ltr'>eine</span> <span class='ocrx_word' id='word_1_422' title='bbox 1311 3861 1470 3910; x_wconf 87' lang='lat' dir='ltr'>testemeete</span> <span class='ocrx_word' id='word_1_423' title='bbox 1487 3866 1521 3909; x_wconf 87' lang='lat' dir='ltr'>ee</span> 
     </span>
     <span class='ocr_line' id='line_1_39' title="bbox 170 3933 1522 4003; baseline 0 -14"><span class='ocrx_word' id='word_1_424' title='bbox 170 3938 421 4000; x_wconf 72' lang='lat' dir='ltr'>tuereteoeaomen</span> <span class='ocrx_word' id='word_1_425' title='bbox 434 3933 592 4001; x_wconf 78' lang='lat' dir='ltr'>(etquidem</span> <span class='ocrx_word' id='word_1_426' title='bbox 607 3936 827 4001; x_wconf 77' lang='lat' dir='ltr'>tempereriorniz</span> <span class='ocrx_word' id='word_1_427' title='bbox 867 3937 900 3989; x_wconf 94' lang='lat' dir='ltr'>de</span> <span class='ocrx_word' id='word_1_428' title='bbox 920 3937 1024 3989; x_wconf 87' lang='lat' dir='ltr'>iuuere.</span> <span class='ocrx_word' id='word_1_429' title='bbox 1046 3963 1079 3975; x_wconf 94' lang='lat'><em>-</em></span> <span class='ocrx_word' id='word_1_430' title='bbox 1096 3934 1289 4002; x_wconf 77' lang='lat' dir='ltr'>testemonium]</span> <span class='ocrx_word' id='word_1_431' title='bbox 1308 3937 1437 4001; x_wconf 81' lang='lat' dir='ltr'>supereo</span> <span class='ocrx_word' id='word_1_432' title='bbox 1453 3936 1522 4003; x_wconf 69' lang='lat' dir='ltr'>tree-</span> 
     </span>
     <span class='ocr_line' id='line_1_40' title="bbox 170 4015 1520 4083; baseline -0.003 -12"><span class='ocrx_word' id='word_1_433' title='bbox 170 4031 257 4083; x_wconf 78' lang='lat' dir='ltr'>enere</span> <span class='ocrx_word' id='word_1_434' title='bbox 276 4019 379 4068; x_wconf 87' lang='lat' dir='ltr'>nomini</span> <span class='ocrx_word' id='word_1_435' title='bbox 398 4016 630 4080; x_wconf 79' lang='lat' dir='ltr'>eneponebetnr,</span> <span class='ocrx_word' id='word_1_436' title='bbox 655 4017 726 4082; x_wconf 80' lang='lat' dir='ltr'>qnod</span> <span class='ocrx_word' id='word_1_437' title='bbox 749 4025 828 4070; x_wconf 85' lang='lat' dir='ltr'>entes</span> <span class='ocrx_word' id='word_1_438' title='bbox 866 4025 984 4069; x_wconf 85' lang='lat' dir='ltr'>mentum</span> <span class='ocrx_word' id='word_1_439' title='bbox 1015 4017 1085 4078; x_wconf 84' lang='lat' dir='ltr'>epod</span> <span class='ocrx_word' id='word_1_440' title='bbox 1118 4015 1268 4069; x_wconf 85' lang='lat' dir='ltr'>Cberieinm</span> <span class='ocrx_word' id='word_1_441' title='bbox 1294 4018 1317 4068; x_wconf 90' lang='lat'>1.</span> <span class='ocrx_word' id='word_1_442' title='bbox 1346 4030 1374 4081; x_wconf 93' lang='lat' dir='ltr'>p.</span> <span class='ocrx_word' id='word_1_443' title='bbox 1396 4016 1441 4068; x_wconf 83' lang='grc'><strong>80.</strong></span> <span class='ocrx_word' id='word_1_444' title='bbox 1464 4017 1520 4068; x_wconf 56' lang='lat' dir='ltr'>its</span> 
     </span>
     <span class='ocr_line' id='line_1_41' title="bbox 170 4093 1520 4164; baseline -0.002 -13"><span class='ocrx_word' id='word_1_445' title='bbox 170 4100 352 4164; x_wconf 85' lang='lat' dir='ltr'>postpositum</span> <span class='ocrx_word' id='word_1_446' title='bbox 368 4104 435 4149; x_wconf 84' lang='lat' dir='ltr'>eret.</span> <span class='ocrx_word' id='word_1_447' title='bbox 471 4097 592 4158; x_wconf 72' lang='grc'><strong>111143,</strong></span> <span class='ocrx_word' id='word_1_448' title='bbox 610 4097 656 4149; x_wconf 87' lang='grc'><strong>44.</strong></span> <span class='ocrx_word' id='word_1_449' title='bbox 676 4096 762 4163; x_wconf 82' lang='lat' dir='ltr'>(iocus</span> <span class='ocrx_word' id='word_1_450' title='bbox 779 4100 829 4149; x_wconf 89' lang='lat' dir='ltr'>im·</span> <span class='ocrx_word' id='word_1_451' title='bbox 865 4096 1002 4160; x_wconf 69' lang='lat' dir='ltr'>duceretur</span> <span class='ocrx_word' id='word_1_452' title='bbox 1028 4101 1202 4147; x_wconf 72' lang='lat' dir='ltr'>tutamento:</span> <span class='ocrx_word' id='word_1_453' title='bbox 1243 4093 1396 4162; x_wconf 84' lang='lat' dir='ltr'>Gausapes,</span> <span class='ocrx_word' id='word_1_454' title='bbox 1423 4095 1520 4148; x_wconf 84' lang='lat' dir='ltr'>iadtees</span> 
     </span>
     <span class='ocr_line' id='line_1_42' title="bbox 169 4173 1521 4243; baseline -0.004 -12"><span class='ocrx_word' id='word_1_455' title='bbox 169 4181 265 4243; x_wconf 81' lang='lat' dir='ltr'>primis</span> <span class='ocrx_word' id='word_1_456' title='bbox 281 4173 484 4237; x_wconf 87' lang='lat' dir='ltr'>memorebiiie.)</span> <span class='ocrx_word' id='word_1_457' title='bbox 495 4176 603 4236; x_wconf 73' lang='grc'><strong>58.41.</strong></span> <span class='ocrx_word' id='word_1_458' title='bbox 635 4177 827 4230; x_wconf 81' lang='lat' dir='ltr'>Priseoentem</span> <span class='ocrx_word' id='word_1_459' title='bbox 864 4188 1013 4240; x_wconf 85' lang='lat' dir='ltr'>purpureos</span> <span class='ocrx_word' id='word_1_460' title='bbox 1039 4180 1064 4227; x_wconf 89' lang='lat' dir='ltr'>et</span> <span class='ocrx_word' id='word_1_461' title='bbox 1091 4175 1208 4227; x_wconf 85' lang='lat' dir='ltr'>eotoreae</span> <span class='ocrx_word' id='word_1_462' title='bbox 1230 4189 1313 4229; x_wconf 85' lang='lat' dir='ltr'>eneae.</span> <span class='ocrx_word' id='word_1_463' title='bbox 1343 4198 1375 4213; x_wconf 87' lang='lat'>·-</span> <span class='ocrx_word' id='word_1_464' title='bbox 1404 4176 1521 4241; x_wconf 76' lang='lat' dir='ltr'>cirpinee</span> 
     </span>
     <span class='ocr_line' id='line_1_43' title="bbox 170 4255 1517 4321; baseline -0.002 -9"><span class='ocrx_word' id='word_1_465' title='bbox 170 4273 248 4312; x_wconf 83' lang='lat' dir='ltr'>mese</span> <span class='ocrx_word' id='word_1_466' title='bbox 266 4257 349 4309; x_wconf 86' lang='lat' dir='ltr'>‹ineee</span> <span class='ocrx_word' id='word_1_467' title='bbox 365 4270 394 4309; x_wconf 90' lang='lat' dir='ltr'>re</span> <span class='ocrx_word' id='word_1_468' title='bbox 412 4256 566 4321; x_wconf 69' lang='lat' dir='ltr'>benereem</span> <span class='ocrx_word' id='word_1_469' title='bbox 585 4257 761 4320; x_wconf 66' lang='lat' dir='ltr'>siccioribus</span> <span class='ocrx_word' id='word_1_470' title='bbox 780 4260 828 4309; x_wconf 85' lang='lat' dir='ltr'>ine·</span> <span class='ocrx_word' id='word_1_471' title='bbox 869 4255 970 4317; x_wconf 72' lang='lat' dir='ltr'>Vosne}</span> <span class='ocrx_word' id='word_1_472' title='bbox 996 4255 1071 4307; x_wconf 86' lang='lat' dir='ltr'>biore</span> <span class='ocrx_word' id='word_1_473' title='bbox 1104 4255 1204 4309; x_wconf 85' lang='lat' dir='ltr'>seiiieet</span> <span class='ocrx_word' id='word_1_474' title='bbox 1234 4256 1435 4316; x_wconf 84' lang='lat' dir='ltr'>Romenorum,</span> <span class='ocrx_word' id='word_1_475' title='bbox 1471 4260 1517 4321; x_wconf 81' lang='lat' dir='ltr'>uui</span> 
     </span>
     <span class='ocr_line' id='line_1_44' title="bbox 148 4335 1520 4403; baseline -0.001 -12"><span class='ocrx_word' id='word_1_476' title='bbox 148 4344 308 4403; x_wconf 66' lang='lat' dir='ltr'>‚meree</span> <span class='ocrx_word' id='word_1_477' title='bbox 326 4336 435 4388; x_wconf 84' lang='lat' dir='ltr'>seloiert</span> <span class='ocrx_word' id='word_1_478' title='bbox 455 4350 541 4400; x_wconf 77' lang='lat' dir='ltr'>eoque</span> <span class='ocrx_word' id='word_1_479' title='bbox 559 4340 715 4401; x_wconf 69' lang='lat' dir='ltr'>cognomine</span> <span class='ocrx_word' id='word_1_480' title='bbox 735 4353 766 4391; x_wconf 84' lang='lat' dir='ltr'>er</span> <span class='ocrx_word' id='word_1_481' title='bbox 787 4350 829 4389; x_wconf 91' lang='lat' dir='ltr'>ee·</span> <span class='ocrx_word' id='word_1_482' title='bbox 867 4340 1019 4398; x_wconf 87' lang='lat' dir='ltr'>pretionee.</span> <span class='ocrx_word' id='word_1_483' title='bbox 1042 4335 1165 4395; x_wconf 83' lang='lat' dir='ltr'>toedere.</span> <span class='ocrx_word' id='word_1_484' title='bbox 1193 4342 1365 4398; x_wconf 88' lang='lat' dir='ltr'>testemente,</span> <span class='ocrx_word' id='word_1_485' title='bbox 1393 4338 1520 4401; x_wconf 82' lang='lat' dir='ltr'>pectentes</span> 
     </span>
     <span class='ocr_line' id='line_1_45' title="bbox 143 4414 1521 4481; baseline -0.002 -10"><span class='ocrx_word' id='word_1_486' title='bbox 143 4452 146 4471; x_wconf 84' lang='lat'><em>.</em></span> <span class='ocrx_word' id='word_1_487' title='bbox 169 4425 251 4471; x_wconf 84' lang='lat' dir='ltr'>eetue</span> <span class='ocrx_word' id='word_1_488' title='bbox 270 4419 402 4468; x_wconf 70' lang='lat' dir='ltr'>renuetis</span> <span class='ocrx_word' id='word_1_489' title='bbox 428 4417 455 4466; x_wconf 90' lang='lat' dir='ltr'>in</span> <span class='ocrx_word' id='word_1_490' title='bbox 479 4417 546 4468; x_wconf 88' lang='lat' dir='ltr'>urbe</span> <span class='ocrx_word' id='word_1_491' title='bbox 570 4430 678 4480; x_wconf 79' lang='lat' dir='ltr'>quoqne</span> <span class='ocrx_word' id='word_1_492' title='bbox 700 4417 827 4481; x_wconf 87' lang='lat' dir='ltr'>eppeiieri</span> <span class='ocrx_word' id='word_1_493' title='bbox 866 4420 964 4473; x_wconf 84' lang='lat' dir='ltr'>etiem,</span> <span class='ocrx_word' id='word_1_494' title='bbox 993 4414 1164 4477; x_wconf 75' lang='lat' dir='ltr'>deponebant</span> <span class='ocrx_word' id='word_1_495' title='bbox 1181 4418 1208 4468; x_wconf 90' lang='lat' dir='ltr'>in</span> <span class='ocrx_word' id='word_1_496' title='bbox 1226 4417 1349 4480; x_wconf 80' lang='lat' dir='ltr'>templis.</span> <span class='ocrx_word' id='word_1_497' title='bbox 1377 4422 1405 4469; x_wconf 91' lang='lat' dir='ltr'>et</span> <span class='ocrx_word' id='word_1_498' title='bbox 1422 4418 1521 4479; x_wconf 82' lang='lat' dir='ltr'>seepie·</span> 
     </span>
     <span class='ocr_line' id='line_1_46' title="bbox 170 4494 1517 4562; baseline -0.004 -12"><span class='ocrx_word' id='word_1_499' title='bbox 170 4503 297 4560; x_wconf 79' lang='lat' dir='ltr'>peterent</span> <span class='ocrx_word' id='word_1_500' title='bbox 314 4494 468 4559; x_wconf 69' lang='lat' dir='ltr'>incensed</span> <span class='ocrx_word' id='word_1_501' title='bbox 476 4495 660 4562; x_wconf 81' lang='lat' dir='ltr'>triumphum).</span> <span class='ocrx_word' id='word_1_502' title='bbox 688 4497 741 4549; x_wconf 85' lang='lat' dir='ltr'>ctr.</span> <span class='ocrx_word' id='word_1_503' title='bbox 756 4498 826 4548; x_wconf 78' lang='lat' dir='ltr'>Auo.</span> <span class='ocrx_word' id='word_1_504' title='bbox 864 4500 930 4548; x_wconf 87' lang='lat' dir='ltr'>sime</span> <span class='ocrx_word' id='word_1_505' title='bbox 944 4498 971 4545; x_wconf 91' lang='lat' dir='ltr'>in</span> <span class='ocrx_word' id='word_1_506' title='bbox 984 4496 1051 4546; x_wconf 83' lang='lat' dir='ltr'>rede</span> <span class='ocrx_word' id='word_1_507' title='bbox 1063 4495 1180 4557; x_wconf 77' lang='lat' dir='ltr'>vestre,</span> <span class='ocrx_word' id='word_1_508' title='bbox 1200 4511 1269 4561; x_wconf 77' lang='lat' dir='ltr'>enee</span> <span class='ocrx_word' id='word_1_509' title='bbox 1282 4496 1410 4561; x_wconf 69' lang='lat' dir='ltr'>reiigione</span> <span class='ocrx_word' id='word_1_510' title='bbox 1424 4499 1517 4559; x_wconf 90' lang='lat' dir='ltr'>prime.</span> 
     </span>
     <span class='ocr_line' id='line_1_47' title="bbox 141 4564 1519 4640; baseline -0.001 -11"><span class='ocrx_word' id='word_1_511' title='bbox 141 4564 206 4638; x_wconf 55' lang='lat'>⁴³,</span> <span class='ocrx_word' id='word_1_512' title='bbox 234 4575 398 4629; x_wconf 64' lang='lat' dir='ltr'>&#39;ttsonen-</span> <span class='ocrx_word' id='word_1_513' title='bbox 435 4575 556 4628; x_wconf 81' lang='lat' dir='ltr'>Pernene</span> <span class='ocrx_word' id='word_1_514' title='bbox 577 4576 628 4628; x_wconf 83' lang='lat' dir='ltr'>lito</span> <span class='ocrx_word' id='word_1_515' title='bbox 649 4576 703 4635; x_wconf 83' lang='lat' dir='ltr'>s&#39;i.</span> <span class='ocrx_word' id='word_1_516' title='bbox 731 4578 766 4628; x_wconf 69' lang='lat' dir='ltr'>is</span> <span class='ocrx_word' id='word_1_517' title='bbox 796 4571 829 4640; x_wconf 77' lang='grc' dir='ltr'>ἴς</span> <span class='ocrx_word' id='word_1_518' title='bbox 866 4576 916 4625; x_wconf 80' lang='lat' dir='ltr'>[iio</span> <span class='ocrx_word' id='word_1_519' title='bbox 935 4574 989 4634; x_wconf 85' lang='lat' dir='ltr'>ts,</span> <span class='ocrx_word' id='word_1_520' title='bbox 1009 4574 1053 4624; x_wconf 77' lang='lat' dir='ltr'>et.</span> <span class='ocrx_word' id='word_1_521' title='bbox 1083 4577 1117 4627; x_wconf 90' lang='lat' dir='ltr'>de</span> <span class='ocrx_word' id='word_1_522' title='bbox 1141 4588 1206 4637; x_wconf 82' lang='lat' dir='ltr'>pere</span> <span class='ocrx_word' id='word_1_523' title='bbox 1230 4580 1300 4629; x_wconf 84' lang='lat' dir='ltr'>inter</span> <span class='ocrx_word' id='word_1_524' title='bbox 1323 4579 1519 4629; x_wconf 76' lang='lat' dir='ltr'>triumviresei</span> 
     </span>
     <span class='ocr_line' id='line_1_48' title="bbox 168 4648 1519 4726; baseline -0.002 -17"><span class='ocrx_word' id='word_1_525' title='bbox 168 4672 201 4711; x_wconf 83' lang='lat' dir='ltr'>ee</span> <span class='ocrx_word' id='word_1_526' title='bbox 219 4654 257 4709; x_wconf 80' lang='lat' dir='ltr'>ed</span> <span class='ocrx_word' id='word_1_527' title='bbox 274 4651 464 4726; x_wconf 76' lang='grc' dir='ltr'><strong><em>στρατόπεδα</em></strong></span> <span class='ocrx_word' id='word_1_528' title='bbox 486 4657 536 4707; x_wconf 76' lang='lat' dir='ltr'>uui</span> <span class='ocrx_word' id='word_1_529' title='bbox 562 4654 594 4720; x_wconf 66' lang='grc' dir='ltr'>ἐς</span> <span class='ocrx_word' id='word_1_530' title='bbox 613 4655 648 4708; x_wconf 79' lang='grc' dir='ltr'>τὰ</span> <span class='ocrx_word' id='word_1_531' title='bbox 665 4651 739 4722; x_wconf 67' lang='lat' dir='ltr'>tem</span> <span class='ocrx_word' id='word_1_532' title='bbox 758 4653 828 4709; x_wconf 77' lang='lat' dir='ltr'>seiu-</span> <span class='ocrx_word' id='word_1_533' title='bbox 865 4654 973 4706; x_wconf 81' lang='lat' dir='ltr'>Sestum</span> <span class='ocrx_word' id='word_1_534' title='bbox 992 4657 1076 4705; x_wconf 80' lang='lat' dir='ltr'>inite:</span> <span class='ocrx_word' id='word_1_535' title='bbox 1106 4653 1202 4708; x_wconf 78' lang='grc' dir='ltr'><strong><em>ταῦτά</em></strong></span> <span class='ocrx_word' id='word_1_536' title='bbox 1220 4671 1251 4708; x_wconf 78' lang='lat' dir='ltr'>ee</span> <span class='ocrx_word' id='word_1_537' title='bbox 1268 4648 1324 4709; x_wconf 78' lang='lat' dir='ltr'>otiu</span> <span class='ocrx_word' id='word_1_538' title='bbox 1342 4655 1519 4722; x_wconf 67' lang='grc' dir='ltr'>συνθέμενοι</span> 
     </span>
     <span class='ocr_line' id='line_1_49' title="bbox 171 4729 1519 4806; baseline -0.004 -17"><span class='ocrx_word' id='word_1_539' title='bbox 171 4752 225 4798; x_wconf 78' lang='lat' dir='ltr'>su.</span> <span class='ocrx_word' id='word_1_540' title='bbox 255 4729 295 4800; x_wconf 74' lang='grc' dir='ltr'>ὥς</span> <span class='ocrx_word' id='word_1_541' title='bbox 320 4729 533 4805; x_wconf 73' lang='grc' dir='ltr'>αιῖιοκράτωρ,</span> <span class='ocrx_word' id='word_1_542' title='bbox 571 4731 662 4800; x_wconf 63' lang='grc' dir='ltr'><strong>εὐθὺς</strong></span> <span class='ocrx_word' id='word_1_543' title='bbox 687 4732 748 4789; x_wconf 75' lang='grc' dir='ltr'>ἀπὸ</span> <span class='ocrx_word' id='word_1_544' title='bbox 777 4739 829 4802; x_wconf 77' lang='grc' dir='ltr'>τῆς</span> <span class='ocrx_word' id='word_1_545' title='bbox 864 4735 916 4785; x_wconf 81' lang='grc' dir='ltr'>καὶ</span> <span class='ocrx_word' id='word_1_546' title='bbox 942 4733 1192 4804; x_wconf 69' lang='grc' dir='ltr'><em>συγγραψάμενοι</em></span> <span class='ocrx_word' id='word_1_547' title='bbox 1216 4731 1253 4787; x_wconf 83' lang='lat' dir='ltr'>sci</span> <span class='ocrx_word' id='word_1_548' title='bbox 1277 4750 1308 4787; x_wconf 81' lang='lat' dir='ltr'>re</span> <span class='ocrx_word' id='word_1_549' title='bbox 1332 4736 1519 4806; x_wconf 72' lang='lat' dir='ltr'>ypuppsuseiu</span> 
     </span>
     <span class='ocr_line' id='line_1_50' title="bbox 171 4810 1519 4887; baseline -0.001 -20"><span class='ocrx_word' id='word_1_550' title='bbox 171 4813 453 4883; x_wconf 56' lang='lat' dir='ltr'>bituriaccensis,</span> <span class='ocrx_word' id='word_1_551' title='bbox 472 4812 516 4882; x_wconf 72' lang='grc' dir='ltr'>μὴ</span> <span class='ocrx_word' id='word_1_552' title='bbox 529 4812 621 4882; x_wconf 71' lang='grc' dir='ltr'><strong><em>λέγων</em></strong></span> <span class='ocrx_word' id='word_1_553' title='bbox 633 4812 827 4887; x_wconf 68' lang='grc' dir='ltr'><strong><em>αὐτοκράτωρ</em></strong></span> <span class='ocrx_word' id='word_1_554' title='bbox 864 4818 929 4877; x_wconf 76' lang='grc' dir='ltr'>ταῖς</span> <span class='ocrx_word' id='word_1_555' title='bbox 938 4813 1057 4881; x_wconf 75' lang='grc' dir='ltr'><strong><em>ἱερείαις</em></strong></span> <span class='ocrx_word' id='word_1_556' title='bbox 1069 4819 1132 4878; x_wconf 76' lang='grc' dir='ltr'>ταῖς</span> <span class='ocrx_word' id='word_1_557' title='bbox 1143 4810 1519 4885; x_wconf 63' lang='grc' dir='ltr'>αἰιπαρθένοιςπαραιιατά·</span> 
     </span>
     <span class='ocr_line' id='line_1_51' title="bbox 171 4890 1518 4957; baseline -0.002 -10"><span class='ocrx_word' id='word_1_558' title='bbox 171 4890 256 4947; x_wconf 79' lang='lat' dir='ltr'>etune.</span> <span class='ocrx_word' id='word_1_559' title='bbox 287 4919 314 4932; x_wconf 90' lang='lat'>·-</span> <span class='ocrx_word' id='word_1_560' title='bbox 347 4902 438 4945; x_wconf 74' lang='lat' dir='ltr'>estem</span> <span class='ocrx_word' id='word_1_561' title='bbox 462 4890 551 4957; x_wconf 85' lang='lat' dir='ltr'>auiae]</span> <span class='ocrx_word' id='word_1_562' title='bbox 587 4896 711 4952; x_wconf 86' lang='lat' dir='ltr'>iieiores,</span> <span class='ocrx_word' id='word_1_563' title='bbox 743 4895 827 4948; x_wconf 88' lang='lat' dir='ltr'>ieeoee</span> <span class='ocrx_word' id='word_1_564' title='bbox 864 4892 961 4945; x_wconf 71' lang='lat' dir='ltr'>berro-</span> <span class='ocrx_word' id='word_1_565' title='bbox 998 4892 1051 4945; x_wconf 86' lang='lat' dir='ltr'>Sed</span> <span class='ocrx_word' id='word_1_566' title='bbox 1069 4893 1240 4946; x_wconf 85' lang='lat' dir='ltr'>etluiieuum</span> <span class='ocrx_word' id='word_1_567' title='bbox 1258 4899 1444 4945; x_wconf 75' lang='lat' dir='ltr'>testemonium</span> <span class='ocrx_word' id='word_1_568' title='bbox 1458 4891 1518 4944; x_wconf 81' lang='lat' dir='ltr'>Vir·</span> 
     </span>
     <span class='ocr_line' id='line_1_52' title="bbox 154 4971 1516 5043; baseline 0.001 -19"><span class='ocrx_word' id='word_1_569' title='bbox 154 4974 282 5043; x_wconf 69' lang='lat' dir='ltr'>gieureeti</span> <span class='ocrx_word' id='word_1_570' title='bbox 301 4973 344 5041; x_wconf 83' lang='lat' dir='ltr'>(ot</span> <span class='ocrx_word' id='word_1_571' title='bbox 361 4976 536 5036; x_wconf 85' lang='lat' dir='ltr'>impereioree</span> <span class='ocrx_word' id='word_1_572' title='bbox 550 4973 656 5036; x_wconf 85' lang='lat' dir='ltr'>prisci),</span> <span class='ocrx_word' id='word_1_573' title='bbox 676 4981 703 5027; x_wconf 93' lang='lat' dir='ltr'>et</span> <span class='ocrx_word' id='word_1_574' title='bbox 720 4976 743 5025; x_wconf 93' lang='lat' dir='ltr'>si</span> <span class='ocrx_word' id='word_1_575' title='bbox 762 4975 827 5038; x_wconf 81' lang='lat' dir='ltr'>qnid</span> <span class='ocrx_word' id='word_1_576' title='bbox 865 4976 918 5038; x_wconf 68' lang='lat' dir='ltr'>uini</span> <span class='ocrx_word' id='word_1_577' title='bbox 936 4976 1063 5025; x_wconf 72' lang='lat' dir='ltr'>meumes</span> <span class='ocrx_word' id='word_1_578' title='bbox 1083 4974 1210 5026; x_wconf 74' lang='lat' dir='ltr'>creditum</span> <span class='ocrx_word' id='word_1_579' title='bbox 1223 4974 1367 5025; x_wconf 82' lang='lat' dir='ltr'>Suetonius</span> <span class='ocrx_word' id='word_1_580' title='bbox 1381 4971 1457 5025; x_wconf 81' lang='lat' dir='ltr'>Ceos.</span> <span class='ocrx_word' id='word_1_581' title='bbox 1471 4971 1516 5025; x_wconf 86' lang='grc'><strong>83.</strong></span> 
     </span>
     <span class='ocr_line' id='line_1_53' title="bbox 172 5052 1517 5118; baseline 0.001 -13"><span class='ocrx_word' id='word_1_582' title='bbox 172 5059 308 5115; x_wconf 80' lang='lat' dir='ltr'>presteree</span> <span class='ocrx_word' id='word_1_583' title='bbox 335 5060 402 5104; x_wconf 85' lang='lat' dir='ltr'>inne</span> <span class='ocrx_word' id='word_1_584' title='bbox 427 5060 561 5116; x_wconf 85' lang='lat' dir='ltr'>repertum</span> <span class='ocrx_word' id='word_1_585' title='bbox 591 5056 706 5117; x_wconf 86' lang='lat' dir='ltr'>principi</span> <span class='ocrx_word' id='word_1_586' title='bbox 735 5054 827 5106; x_wconf 89' lang='lat' dir='ltr'>distin·</span> <span class='ocrx_word' id='word_1_587' title='bbox 866 5056 920 5111; x_wconf 86' lang='lat' dir='ltr'>eit.</span> <span class='ocrx_word' id='word_1_588' title='bbox 949 5052 988 5103; x_wconf 81' lang='lat' dir='ltr'>bi.</span> <span class='ocrx_word' id='word_1_589' title='bbox 1011 5054 1120 5106; x_wconf 72' lang='lat' dir='ltr'>Antonii</span> <span class='ocrx_word' id='word_1_590' title='bbox 1138 5056 1287 5118; x_wconf 86' lang='lat' dir='ltr'>depositum</span> <span class='ocrx_word' id='word_1_591' title='bbox 1307 5052 1379 5115; x_wconf 85' lang='lat' dir='ltr'>epod</span> <span class='ocrx_word' id='word_1_592' title='bbox 1397 5053 1517 5106; x_wconf 81' lang='lat' dir='ltr'>Vesieies</span> 
     </span>
     <span class='ocr_line' id='line_1_54' title="bbox 152 5131 1516 5199; baseline 0.005 -20"><span class='ocrx_word' id='word_1_593' title='bbox 152 5134 286 5195; x_wconf 59' lang='lat' dir='ltr'>,suenda</span> <span class='ocrx_word' id='word_1_594' title='bbox 304 5134 385 5185; x_wconf 74' lang='lat' dir='ltr'>Lus.</span> <span class='ocrx_word' id='word_1_595' title='bbox 429 5133 469 5185; x_wconf 86' lang='lat' dir='ltr'>lie</span> <span class='ocrx_word' id='word_1_596' title='bbox 490 5139 544 5183; x_wconf 88' lang='lat' dir='ltr'>tote</span> <span class='ocrx_word' id='word_1_597' title='bbox 562 5140 651 5185; x_wconf 89' lang='lat' dir='ltr'>eutem</span> <span class='ocrx_word' id='word_1_598' title='bbox 665 5134 714 5185; x_wconf 82' lang='lat' dir='ltr'>bre</span> <span class='ocrx_word' id='word_1_599' title='bbox 725 5134 826 5187; x_wconf 84' lang='lat' dir='ltr'>Tiberii</span> <span class='ocrx_word' id='word_1_600' title='bbox 864 5133 1184 5197; x_wconf 58' lang='lat' dir='ltr'>transcurrerent.</span> <span class='ocrx_word' id='word_1_601' title='bbox 1203 5131 1516 5199; x_wconf 59' lang='grc' dir='ltr'>ιρι-1111118111</span> 
     </span>
     <span class='ocr_line' id='line_1_55' title="bbox 174 5210 1518 5282; baseline 0.005 -20"><span class='ocrx_word' id='word_1_602' title='bbox 174 5210 828 5282; x_wconf 70' lang='lat' dir='ltr'>mumuieuenectr.1iiot·1,e.-sosieate</span> <span class='ocrx_word' id='word_1_603' title='bbox 866 5213 967 5267; x_wconf 83' lang='lat' dir='ltr'>Veiieio</span> <span class='ocrx_word' id='word_1_604' title='bbox 993 5213 1029 5274; x_wconf 75' lang='grc'>8,</span> <span class='ocrx_word' id='word_1_605' title='bbox 1065 5213 1111 5265; x_wconf 81' lang='grc'><strong>71.</strong></span> <span class='ocrx_word' id='word_1_606' title='bbox 1142 5226 1191 5276; x_wconf 89' lang='lat' dir='ltr'>per</span> <span class='ocrx_word' id='word_1_607' title='bbox 1223 5213 1441 5277; x_wconf 87' lang='lat' dir='ltr'>entieipeiionem</span> <span class='ocrx_word' id='word_1_608' title='bbox 1476 5218 1518 5269; x_wconf 88' lang='lat' dir='ltr'>eet</span> 
     </span>
    </p>
   </div>
   <div class='ocr_carea' id='block_1_5' title="bbox 0 0 1846 5872">
    <p class='ocr_par' dir='ltr' id='par_1_5' title="bbox 0 0 1846 5872">
     <span class='ocr_line' id='line_1_56' title="bbox 0 0 1846 5872; baseline 0 3"><span class='ocrx_word' id='word_1_609' title='bbox 0 0 1846 5872; x_wconf 95' lang='lat' dir='ltr'> </span> 
     </span>
    </p>
   </div>
  </div>
 </body>
</html>
