3682 5872
298 454 319 521 3
685 450 872 524 CORNELII
891 455 1026 525 iacui
1046 454 1253 527 iuttffluii

298 616 425 683 expiem
447 616 564 704 egerit,
597 615 832 722 alippidqp-am
859 618 940 708 iram
962 625 995 685 et
1015 616 1247 713 simuiiaiionem
1268 629 1302 688 st
1322 624 1459 687 secretas
1479 614 1639 685 lubidines

284 730 495 796 ,meditatum
540 718 691 797 accedere
712 739 845 797 matrem
866 728 1014 799 muliebri
1046 730 1242 820 inpotentiae
1275 726 1476 809 seruiendum
1503 730 1639 798 feminae

298 845 484 930 duobusque
509 844 641 929 insuper
667 845 940 920 adulescentibus,
973 844 1029 934 qui
1057 866 1127 913 rem
1155 845 1461 934 publicaminterim
1482 850 1637 934 premant,

297 958 488 1045 quandoque
508 955 695 1023 distrahant.
739 961 789 1038 (b)
810 961 889 1024 baec
902 966 997 1044 atque
1012 958 1086 1025 talia
1099 958 1289 1046 agitantibus
1302 974 1486 1047 gravescere
1500 957 1637 1027 valitudo

259 1072 273 1115 ὅ
296 1072 451 1155 bagusti3
475 1077 507 1136 et
526 1072 655 1158 quidam
678 1073 780 1136 scelus
793 1070 903 1138 uxoris
918 1076 1149 1160 suspectabant.
1194 1074 1310 1163 quippe
1324 1093 1436 1141 rumor
1456 1073 1636 1150 incesserat,

296 1201 416 1271 paucos
447 1191 518 1249 ante
551 1202 675 1250 menses
706 1188 900 1269 Augentum,
936 1185 1045 1252 eiectis
1073 1188 1207 1254 consciis
1238 1194 1270 1253 et
1302 1189 1418 1254 comite
1445 1204 1512 1254 uno
1539 1182 1638 1253 Fabiu

295 1298 455 1373 liaximo,
477 1295 650 1365 Piauaeia'm
672 1306 798 1364 vedum
820 1302 861 1365 ad
875 1298 1042 1369 visendum
1056 1300 1245 1388 Agrippam
1268 1300 1380 1368 multae
1401 1298 1468 1368 iiitc
1479 1299 1638 1389 utrimque

272 1407 439 1503 ¹lacrinms
462 1417 494 1475 et
515 1410 605 1495 signa
626 1410 780 1487 caritatis,
810 1431 962 1500 spemque
984 1433 1024 1479 ex
1047 1434 1086 1479 eo
1109 1412 1180 1481 iure,
1198 1422 1235 1481 ut
1254 1415 1379 1481 iuvenis
1399 1412 1566 1498 penatibus
1587 1411 1638 1479 avi

295 1519 494 1589 redderetur.
539 1521 626 1608 quod
641 1523 812 1589 iiaxinmm
833 1528 928 1591 uxori
948 1527 1083 1592 Marciae
1104 1527 1283 1613 aperuisse,
1306 1527 1390 1594 iiiam
1405 1524 1524 1594 Liviae.
1563 1546 1639 1611 gna·

255 1647 287 1691 11
295 1656 368 1702 rum
390 1636 422 1701 id
439 1635 582 1715 Caesari3
605 1657 710 1724 neque
731 1636 830 1704 multo
853 1648 928 1723 post
941 1641 1098 1706 exstincte
1111 1642 1268 1718 Maxime,
1291 1642 1424 1706 dubium
1443 1660 1484 1704 an
1498 1641 1638 1727 quaesita

294 1756 416 1826 morte,
451 1751 575 1816 auditae
603 1749 637 1816 in
665 1748 778 1817 funere
809 1752 879 1818 eins
898 1752 1036 1818 Marciae
1057 1754 1191 1838 gemitus
1212 1761 1313 1819 semet
1333 1754 1522 1829 incusantis,
1552 1750 1639 1839 qnod

295 1882 391 1927 causa
412 1862 500 1928 exitii
521 1864 637 1929 marito
657 1861 778 1929 fuisset.
822 1871 982 1952 utcunque
1004 1886 1038 1930 se
1061 1886 1099 1931 ea
1116 1885 1168 1931 res
1175 1865 1311 1943 babuit,
1334 1867 1464 1932 vixdum
1478 1866 1638 1949 ingressus

294 1975 454 2065 liiyricum
468 1972 614 2042 Tiberius
635 1975 782 2064 properis
802 1979 912 2044 matris
934 1977 1047 2044 litteris
1069 1977 1205 2070 accitm3
1228 1994 1333 2067 neque
1355 1977 1430 2045 satie
1453 1985 1637 2064 conpertum

295 2095 362 2165 eet,
397 2089 570 2176 spirantem
597 2092 701 2156 adhue
727 2092 903 2175 Augustum
931 2092 1015 2175 apud
1037 2087 1151 2158 urbem
1172 2090 1284 2158 Nolam
1306 2111 1346 2158 an
1368 2092 1545 2157 exanimem
1567 2111 1638 2177 rep-

257 2223 286 2267 as
294 2204 426 2303 peregit.
470 2201 597 2283 acribus
610 2220 747 2289 namque
759 2201 911 2269 custodiis
927 2206 1055 2270 domum
1071 2212 1103 2270 et
1116 2206 1184 2271 viee
1197 2212 1357 2289 saepserat
1371 2203 1476 2284 Livia3
1500 2206 1638 2290 laetique

293 2296 452 2383 interdum
487 2315 590 2382 nuntii
619 2315 848 2401 culpabantur,
886 2314 988 2382 donec
1022 2318 1159 2401 provisis
1195 2337 1276 2404 quae
1308 2324 1432 2405 tempus
1462 2319 1636 2395 monebat,

294 2427 390 2495 simui
411 2427 586 2496 excessisse
607 2433 784 2516 Augustum
805 2437 840 2495 et
859 2448 967 2495 rerum
988 2431 1084 2517 potiri
1099 2433 1257 2497 Neronem
1278 2428 1361 2496 ianua
1383 2432 1494 2496 eadem
1515 2428 1595 2496 tulit

346 2632 373 2681 1.
393 2630 498 2682 sautem
514 2631 543 2683 Μ
552 2644 561 2681 a
582 2630 699 2683 eusebie
715 2632 748 2681 Β.
765 2653 792 2665 -
814 2630 948 2696 tepidiuee
965 2635 1031 2686 taen
1049 2627 1191 2696 tepidiuee)
1209 2631 1246 2683 Μ.
1265 2655 1295 2669 -
1315 2631 1342 2682 Β.
1359 2631 1508 2694 inpotentia
1525 2631 1569 2682 it:
1589 2633 1637 2682 isa·

290 2702 463 2765 potentiali.
483 2727 518 2738 -
534 2703 650 2768 [semine
668 2702 707 2754 Μ.
727 2726 760 2738 -
779 2699 805 2751 3.
823 2706 968 2764 praemuni
986 2704 1081 2766 (prima
1100 2702 1156 2767 spii.
1171 2714 1219 2765 per
1231 2700 1389 2767 compend.)
1406 2701 1444 2751 Μ.
1458 2725 1488 2738 -
1507 2701 1533 2751 i.
1548 2701 1636 2753 flabat

292 2773 414 2824 eeucado
432 2772 470 2825 ii.
489 2797 524 2809 -
547 2773 573 2822 Β.
594 2775 694 2824 senaab
711 2773 749 2825 Μ.
769 2796 801 2809 -
828 2772 855 2824 7.
875 2775 1007 2837 utrimque
1026 2772 1069 2824 ii:
1100 2776 1228 2837 atriaque
1245 2773 1276 2824 Β.
1298 2796 1327 2808 -
1355 2773 1382 2824 ii.
1403 2771 1490 2824 tiabat
1505 2775 1635 2831 mardes,

292 2856 347 2894 nan
376 2843 507 2901 Martiae,
546 2842 585 2895 Μ.
618 2868 648 2881 -
686 2839 719 2893 d.
738 2854 840 2894 cauam
868 2842 906 2894 Μ.
938 2842 1097 2896 Emendaeit
1127 2845 1234 2905 Lipsius
1258 2842 1306 2908 (et
1333 2840 1501 2905 biuretusi).
1547 2843 1578 2894 tn
1608 2842 1637 2893 Μ

292 2921 382 2966 autem
409 2915 520 2966 interior
548 2922 608 2978 pers
635 2913 740 2965 iittsraa
767 2913 790 2966 G
814 2913 951 2966 videtura
971 2927 1050 2966 mauu
1069 2924 1123 2965 eac.
1144 2940 1173 2953 -
1204 2916 1248 2965 ie.
1272 2914 1389 2965 euticete
1406 2913 1445 2965 Μ.
1464 2937 1498 2948 -·
1526 2914 1568 2965 ia.
1587 2927 1638 2965 eea

292 2996 334 3047 pr.
354 2983 393 3034 Μ.
416 3010 446 3022 -
476 2985 518 3035 13.
546 2985 634 3035 liabet
659 2983 771 3039 littere,
802 2997 856 3035 non
883 2984 981 3042 literie,
1009 2985 1047 3037 Μ.
1070 3010 1110 3023 -»
1130 2992 1286 3048 conpertam
1302 2984 1331 3036 Μ
1340 2997 1348 3034 a
1377 2989 1536 3047 compertum
1553 2984 1584 3035 Β.
1604 3004 1638 3017 -

294 3054 339 3108 ii.
359 3061 427 3119 aput
446 3055 483 3106 Μ.
506 3075 539 3091 -
559 3055 648 3107 iiabst
667 3056 830 3118 reppererit,
858 3067 912 3106 auu
938 3056 1081 3118 repererit,
1100 3053 1138 3106 ii.
1166 3081 1195 3094 -
1228 3057 1271 3107 15.
1293 3055 1383 3106 iiabet
1407 3060 1558 3119 saepserst,
1583 3067 1636 3107 aaa

291 3128 424 3191 emieat,
443 3126 483 3179 Μ.

291 3290 343 3349 55,
368 3289 395 3340 Β.
426 3315 455 3328 -
487 3289 589 3342 eeuiem
614 3286 707 3356 sperit]
732 3289 872 3342 maniiestc
897 3290 946 3342 bus
1018 3289 1046 3341 Β.
1076 3289 1159 3340 aeetae
1184 3284 1296 3353 weris]
1336 3287 1432 3352 Tangit
1455 3290 1636 3353 suspicionem

292 3373 437 3434 apponitur
449 3382 491 3421 re.
509 3373 538 3420 ie
555 3373 807 3436 apecismeeceeeae:
827 3382 872 3421 «re
885 3384 946 3423 rara
984 3368 1054 3420 iiiam
1073 3368 1106 3421 de
1126 3368 1228 3420 ticnbus
1243 3367 1333 3421 Liviae
1353 3372 1427 3420 iussu
1451 3372 1586 3423 venenatis
1608 3373 1636 3422 in

291 3452 534 3508 uteruivireritze
554 3463 615 3502 uam
627 3451 814 3503 iiemauieam
833 3462 881 3512 pro
901 3450 945 3502 tait
985 3451 1047 3511 tpaie
1075 3447 1214 3500 arboribus
1242 3455 1324 3514 atqua
1350 3449 1383 3502 ab
1406 3450 1526 3515 Augusta
1551 3450 1636 3502 iestis.

291 3531 435 3584 hebebant.
456 3529 531 3582 3111.
542 3530 662 3580 'tibiis
679 3530 767 3581 31011
776 3533 947 3592 contemptior
985 3529 1034 3580 bie
1046 3528 1096 3589 51,
1110 3527 1175 3589 eb,
1194 3529 1260 3591 ubi,
1280 3541 1361 3592 uuam
1380 3530 1487 3582 Tacitus
1505 3542 1637 3581 rumorem

290 3613 322 3662 tn
346 3611 401 3662 diss
423 3616 450 3660 et
469 3610 584 3661 incipiet·
605 3610 677 3674 isit:
698 3616 725 3662 ei
741 3611 865 3661 iuimicus
882 3608 946 3662 Caio
985 3609 1067 3663 dieii,
1087 3614 1222 3672 tamquam
1241 3608 1418 3661 indubitatum
1437 3609 1535 3661 iactum
1548 3623 1638 3661 nerra·

292 3691 400 3743 Caesari
423 3692 558 3754 premisit,
577 3702 604 3740 ee
620 3688 683 3741 iude
703 3695 784 3754 caput
801 3689 887 3739 acuite
906 3702 946 3740 ra·
986 3695 1038 3740 tur.
1054 3713 1084 3725 -
1104 3691 1186 3740 ascri
1198 3685 1326 3753 Hardea]
1346 3688 1464 3740 Eaedem
1478 3702 1532 3740 rem
1548 3691 1636 3752 pautie

292 3772 422 3823 hiesum.
466 3770 555 3834 Ateus
583 3765 654 3823 idam
676 3772 700 3821 ei
724 3768 898 3833 exprobratur
918 3771 946 3819 iu
983 3767 1061 3831 aiiisr
1083 3775 1172 3820 narrat
1194 3768 1349 3819 Piataicbue
1373 3769 1437 3839 aspi
1463 3765 1638 3835 ἀδολεσχίας

292 3853 408 3902 earmina
429 3848 548 3907 tamese,
574 3854 677 3901 seruate
698 3862 713 3901 a
735 3849 865 3900 Suetonio
882 3848 944 3901 Tib.
985 3860 1011 3909 p.
1034 3848 1096 3900 508.
1122 3850 1155 3904 it.
1192 3847 1218 3899 is
1243 3848 1363 3898 deiciam
1387 3848 1523 3909 nomiari,
1556 3856 1636 3912 quern

290 3931 360 3983 131
387 3937 412 3981 et
429 3926 499 3994 (tibi)
522 3929 627 3980 Rhodes
642 3929 751 3980 exitium
768 3935 816 3981 eat.
857 3928 944 3979 Neiirn
982 3927 1113 3992 (Pauiium
1128 3923 1249 3990 rabian)
1266 3927 1417 3980 dissimum
1431 3926 1497 3992 (ecs.
1517 3941 1543 3979 a.
1561 3926 1638 3992 rte.)

291 4019 382 4064 autem
413 4011 561 4062 immiscere
595 4012 769 4070 senteutiam,
807 4008 945 4062 Tiberium
983 4009 1101 4061 Tacitus.
1138 4006 1272 4059 Pintarcbi
1291 4020 1364 4058 error
1383 4013 1508 4060 erinacei
1526 4022 1556 4061 er
1575 4020 1638 4059 con·

290 4098 432 4157 persenam
454 4091 536 4142 erutis
562 4090 698 4149 induisse,
729 4103 784 4154 que
811 4094 945 4153 umquam
983 4088 1048 4139 iusta
1076 4086 1154 4137 Fabii
1182 4093 1209 4139 et
1239 4086 1328 4138 Fuisti
1350 4087 1520 4139 nominibus:
1559 4089 1638 4140 Fabii

291 4174 422 4224 immerita
442 4171 585 4234 ignominia
606 4171 717 4221 idacius
736 4171 944 4222 misericordiam
983 4169 1091 4219 nurnine
1110 4169 1193 4218 utitur
1207 4162 1308 4217 Piiatus
1322 4165 1360 4227 i,
1378 4166 1445 4229 ib,
1465 4166 1510 4218 ubi
1525 4168 1635 4234 bugasti

291 4252 461 4316 pepuiarium
496 4257 675 4303 commaneret
703 4256 786 4311 atque
819 4250 945 4302 invidiam
983 4258 1025 4298 res
1052 4247 1174 4298 adseram
1201 4251 1349 4297 enumerat.
1385 4246 1433 4298 iiii
1453 4253 1542 4299 autern
1565 4249 1636 4302 idem

291 4332 391 4383 iaceret
409 4330 567 4383 Caesaribus
585 4336 613 4382 et
633 4343 664 4382 aa
680 4334 757 4393 parte
778 4330 871 4381 saitem
895 4333 944 4393 ipat
982 4327 1130 4383 Maximus,
1152 4325 1362 4388 cuiuairsqusns
1375 4330 1474 4378 inentia
1487 4329 1557 4390 apud
1572 4330 1636 4380 Ori·

290 4412 423 4476 Auguste.
460 4410 537 4463 Fatsa
560 4417 616 4463 eret
634 4409 731 4462 Mureti
748 4413 864 4472 auspiciu
884 4411 946 4461 aest
983 4407 1056 4456 dium
1076 4410 1102 4457 ia
1122 4406 1216 4467 iipistt.
1237 4405 1388 4457 exiente:
1408 4409 1454 4469 qui
1472 4412 1551 4459 attam
1564 4409 1635 4459 Μιι-

291 4492 396 4556 eperat:
426 4488 452 4539 id
476 4489 757 4554 quadriennem
784 4491 946 4554 signiticaret
982 4488 1049 4537 ciam
1071 4490 1200 4537 memorat
1225 4486 1256 4544 i,
1284 4485 1318 4544 a,
1341 4484 1407 4536 133.
1440 4510 1472 4524 ·-
1503 4485 1634 4553 quaesita]

290 4574 362 4625 enim
383 4569 522 4621 Tiberium
547 4572 575 4621 tp
599 4569 700 4622 iudicio
724 4568 876 4622 damnatum
899 4578 945 4622 aut
982 4567 1148 4622 sciuntaria,
1168 4566 1389 4628 epentesumpte.
1409 4567 1585 4620 Faesusnau.
1600 4594 1635 4603 -·

289 4656 397 4703 maetas
413 4650 533 4701 consutis
552 4659 647 4712 reapse
667 4651 695 4700 iu
717 4649 823 4701 exitium
838 4649 943 4711 puisum
982 4659 1019 4696 se
1037 4639 1194 4709 exanimem]
1221 4648 1293 4706 prius
1306 4645 1416 4697 tradunt
1432 4647 1499 4701 Veii.
1518 4649 1551 4710 Β,
1573 4648 1634 4699 113.

290 4738 358 4783 eise·
388 4752 413 4765 -
445 4728 549 4792 aliquid
567 4725 659 4795 quaet]
691 4728 824 4783 bestiarii
848 4742 943 4782 sonum
982 4727 1056 4777 Suet.
1080 4725 1140 4776 Oct.
1163 4723 1206 4773 ee.
1227 4724 1287 4774 Tib.
1310 4726 1376 4776 ai:
1397 4728 1544 4780 epitimia
1562 4741 1636 4779 recc-

158 4855 164 4871 .
270 4801 369 4863 'nimis
387 4821 510 4870 asperum
529 4808 605 4859 cited
624 4808 769 4873 quidquem
787 4822 888 4873 paam,
914 4816 944 4860 ut
982 4812 1074 4859 cetae.
1104 4806 1159 4854 inci
1183 4804 1286 4868 quidem
1311 4807 1448 4873 directum,
1477 4806 1524 4857 aad
1548 4812 1636 4859 tamea

290 4891 346 4941 Cic.
361 4889 394 4940 de
408 4890 511 4940 inirent.
525 4889 552 4943 i,
566 4887 617 4947 si,
636 4886 704 4938 ibit
726 4888 808 4941 elicui
827 4902 945 4954 unquam
980 4888 1125 4950 spirantem
1147 4878 1233 4934 edice
1251 4885 1399 4949 depastum
1424 4888 1552 4950 repperit.
1582 4886 1635 4937 liiu

288 4972 393 5032 seripiit
411 4972 458 5041 pip
478 4968 667 5030 alicuiquam
686 4972 814 5030 capuam.
834 4968 867 5019 V.
886 4969 943 5019 iiii·
981 4968 1031 5021 ΒΒ,
1051 4964 1116 5023 31.,
1139 4974 1299 5027 quemquern
1318 4965 1362 5017 bic
1381 4965 1537 5028 prudentius
1556 4966 1635 5017 dubt-

270 5056 385 5103 .asmm.
408 5072 436 5085 -
453 5044 566 5111 duuban
585 5046 893 5103 bruseetiiermanice.
908 5073 941 5087 -
981 5051 1027 5103 tat.
1047 5044 1147 5096 Weis-
1184 5042 1517 5098 Verbaaiusbaaesuaie
1545 5043 1635 5112 secri-

287 5123 405 5195 iisieriia]
423 5130 482 5184 siro
501 5127 619 5182 Tiberia·
647 5126 748 5184 vieni.
981 5141 1037 5192 σας
1053 5123 1089 5200 τῇ
1111 5123 1356 5204 ἐννεακαιδεκάτῃ
1380 5124 1433 5181 τοῦ
1455 5119 1634 5195 Αὐγούστου

528 5248 603 5309 1’“Χ
