3642 5882
507 526 625 592 niune
644 524 729 594 xiv.
774 525 847 611 usp.
868 525 920 591 es.
942 524 995 590 ao.
1019 527 1072 591 as.
1402 527 1463 595 aas

127 696 211 754 suut.
235 684 321 769 †his
342 704 532 772 quamquam
553 687 637 750 Nero
658 683 849 769 paenitentia
864 683 991 771 flagitii,
1015 686 1183 771 coniugem
1196 688 1357 755 revocarit
1372 688 1465 754 Octa·
1510 712 1514 719 ·

127 796 222 864 riam
264 793 326 880 (61)
350 794 423 860 exin
444 794 518 859 laeti
540 792 728 880 Capitolium
750 792 916 869 scandunt,
951 796 1091 880 deosque
1112 794 1238 862 mudena
1260 810 1462 868 venerentur.

130 906 250 994 effigies
271 910 440 993 Poppaeae
461 914 636 991 proruunt,
661 908 809 974 Octaviae
831 907 984 991 imagines
999 916 1122 993 gestant
1135 911 1290 990 humeris,
1312 922 1465 1000 spargunt

127 1020 277 1100 duribus,
299 1020 434 1109 toroque
455 1042 493 1087 ao
507 1022 632 1107 templis
646 1027 796 1087 statuunt.
820 1021 884 1087 itur
897 1022 991 1087 eiiam
1005 1023 1039 1087 in
1052 1021 1204 1111 principis
1217 1024 1325 1092 laudes
1340 1027 1466 1112 †repe-

127 1137 218 1201 titum
239 1137 468 1201 venerantium.
501 1136 628 1222 iamque
650 1142 683 1200 et
696 1133 848 1200 Palatium
863 1134 1063 1201 multitudine
1078 1145 1110 1202 et
1124 1133 1314 1205 clamoribus
1329 1138 1488 1227 comple-r

126 1245 218 1325 bant,
231 1268 302 1314 cum
313 1250 420 1315 emissi
431 1247 564 1314 miiitum
575 1245 661 1334 globi
672 1245 858 1316 verberibus
869 1257 900 1316 et
910 1250 1031 1314 intento
1045 1250 1131 1315 terro
1144 1252 1287 1318 turbatos
1299 1250 1463 1319 disiecere.

128 1369 309 1450 mutataque
332 1381 414 1448 quae
435 1381 494 1449 per
514 1360 701 1428 seditionem
728 1368 906 1440 verterant,
941 1370 973 1428 et
992 1367 1157 1450 Poppaeae
1179 1364 1280 1432 honos
1310 1368 1467 1451 repositus

129 1484 185 1545 est.
220 1497 301 1563 quae
323 1496 449 1560 semper
470 1476 564 1554 odio,
599 1484 665 1541 tum
688 1484 720 1541 et
742 1484 829 1542 metu
850 1483 959 1553 auur,
982 1496 1023 1543 ne
1045 1483 1099 1542 aut
1119 1477 1205 1563 vulpi
1227 1481 1331 1546 acrior
1351 1480 1399 1545 ris
1419 1477 1468 1547 iu·

129 1596 258 1672 grueret
278 1596 333 1656 aut
354 1592 440 1655 Nero
462 1582 662 1655 inclinatione
683 1588 793 1676 pupuli
815 1596 1007 1667 mutaretur,
1034 1588 1201 1674 provoluta
1223 1591 1356 1676 genibus
1378 1593 1465 1670 eius,

129 1724 194 1770 uon
215 1703 339 1770 coloci
360 1722 412 1768 res
439 1722 512 1769 suas
541 1704 611 1788 agi,
645 1709 680 1768 nt
705 1706 746 1768 de
767 1703 967 1769 matrimonio
988 1710 1108 1781 certet,
1140 1725 1329 1792 quamquam
1350 1707 1383 1772 id
1405 1703 1504 1773 sibim

128 1815 193 1882 rita
212 1817 331 1900 pedus.
355 1816 411 1881 sed
432 1814 529 1882 ritum
550 1814 651 1900 ipsam
672 1815 706 1882 in
726 1823 901 1883 extremum
922 1819 1088 1883 adductam
1109 1817 1293 1885 sciientetis
1315 1825 1347 1885 et
1367 1820 1468 1885 serri-

128 1932 181 1995 iiis
202 1928 367 2007 Octaviae,
402 1949 484 2016 quae
511 1926 613 2015 plebis
627 1927 700 1994 'sibi
725 1949 841 1996 nomeu
862 1927 1049 2007 indiderint,
1084 1952 1122 1997 ea
1142 1932 1175 1996 in
1196 1951 1275 2016 pace
1297 1930 1365 1997 ausi
1387 1951 1467 2019 quae

129 2045 183 2109 rix
203 2040 289 2109 bellu
311 2044 484 2110 evenirent.
506 2062 593 2108 arma
613 2043 670 2108 illa
691 2045 841 2109 adversus
863 2044 1039 2130 principem
1053 2052 1196 2132 sumptam
1219 2044 1330 2113 ducem
1346 2052 1467 2112 tautum

130 2153 287 2235 defuisse,
310 2158 365 2245 qui
386 2155 480 2222 motis
501 2158 597 2222 rebus
619 2154 709 2223 tacite
732 2158 941 2244 reperireturr
966 2159 1125 2224 omitteret
1146 2156 1240 2224 modo
1265 2157 1468 2244 Campaniam

131 2278 163 2336 et
184 2268 218 2336 iu
238 2271 350 2336 urbem
371 2269 471 2357 ipsam
492 2276 656 2356 pergeret,
682 2272 721 2336 ad
735 2269 825 2337 cuius
838 2278 949 2338 nutum
963 2270 1100 2337 absentis
1121 2269 1272 2339 tumuitus
1294 2274 1464 2339 cierentur.
1476 2297 1504 2341 rs

200 2446 225 2495 1.
245 2443 334 2497 Habet
351 2444 378 2497 Μ
396 2444 437 2496 itia
455 2457 608 2510 quemquam
631 2443 703 2496 Nero
719 2444 877 2507 pemttsuts‘o.
904 2444 989 2497 Locus
1003 2450 1044 2497 est
1061 2445 1169 2498 tunitius
1188 2452 1270 2512 etque
1287 2447 1361 2499 irrita
1379 2445 1468 2500 adhue

130 2512 239 2566 iuernut
251 2515 407 2568 Crittcoruru
421 2529 482 2568 eum
499 2517 655 2568 restituendi
673 2516 779 2574 studia,
798 2528 913 2579 quorum
932 2524 1041 2569 conatus
1060 2517 1130 2577 ride,
1150 2520 1172 2568 si
1186 2517 1290 2579 piaret,
1310 2518 1381 2581 apud
1396 2518 1470 2571 Wei-

131 2587 245 2638 ttaernm·
267 2587 454 2640 iioederieiuio
467 2589 493 2637 iu
505 2594 619 2638 urentem
631 2590 720 2639 seuit:
735 2585 787 2636 Hts
799 2588 844 2650 (ob
856 2584 930 2650 haee)
943 2588 1027 2649 Nero,
1045 2599 1214 2652 septuptum
1228 2589 1402 2651 paestiteutiu.
1421 2589 1470 2640 Pr-

129 2668 189 2707 rum
209 2659 264 2711 reri
281 2659 392 2719 studiis,
410 2658 457 2710 sed
477 2657 569 2708 Tacito
588 2657 659 2708 head
678 2656 783 2721 indigua
802 2664 842 2710 est
854 2657 919 2709 Cud.
940 2658 1028 2722 Apris.
1049 2657 1127 2709 tectio
1144 2654 1403 2723 aitpciiureeeptas
1429 2660 1470 2710 tta

128 2733 216 2777 motata
232 2728 315 2784 Nero,
335 2741 373 2778 urs
389 2727 553 2791 poenitentia
571 2725 679 2794 ptupttis'·
697 2726 795 2789 (motas
811 2741 875 2779 saue
892 2740 924 2779 ea
943 2729 1146 2791 interpetatione
1174 2728 1259 2781 Codd.
1274 2732 1353 2781 etiem
1380 2727 1468 2781 Gueit.

130 2798 205 2850 Bari.
224 2798 301 2850 liudi.
321 2798 388 2860 les.)
409 2824 436 2836 -
457 2797 485 2847 ss.
504 2799 574 2849 exim
592 2799 630 2850 Μ.
650 2823 683 2836 -·
703 2797 729 2850 3.
746 2811 863 2860 poppeue
879 2807 1029 2865 prorepunt
1049 2794 1110 2863 (ate)
1129 2797 1169 2850 Μ.
1190 2825 1218 2837 -
1239 2800 1267 2851 d.
1286 2802 1367 2850 etium
1383 2798 1471 2866 litet

131 2880 191 2920 eum
219 2868 369 2931 iiipoutiuia
394 2876 421 2919 et
448 2868 574 2920 Oberiiuo
598 2870 630 2919 it.
649 2868 773 2919 Ceterum
792 2868 836 2919 itte
855 2881 964 2939 quoque
984 2871 1057 2921 iosus
1075 2877 1117 2922 est
1133 2876 1282 2932 eomuptus.
1310 2869 1469 2921 Critioorum
1501 2876 1507 2907 ³

130 2941 298 2992 contestatae
324 2940 397 3002 apud
426 2939 593 2991 Watttreruru
622 2939 687 2990 utitii
715 2942 824 2993 iurant,
859 2941 908 2991 etsi
938 2937 1044 2992 Grotius
1071 2942 1207 3004 ingeniose
1230 2954 1280 2993 nee
1298 2945 1386 2992 umen
1406 2943 1469 2994 setis

130 3009 319 3075 probabiliters
340 3009 450 3070 lauden
475 3012 603 3074 repetitur
620 3010 756 3060 umerctto
773 3008 922 3075 (deorum);
941 3013 1109 3063 norimimam
1127 3010 1308 3063 Doederietnti
1326 3010 1418 3063 teudsa
1436 3011 1468 3063 oi

128 3083 269 3143 repetitum
294 3080 404 3142 (nomeu
432 3078 635 3139 substantivum)
661 3081 845 3131 remeantium
870 3080 996 3144 equidem
1014 3080 1161 3146 epprctare
1180 3094 1233 3133 nou
1252 3094 1368 3145 possum.
1389 3106 1420 3120 -
1440 3081 1468 3132 6.

129 3152 204 3203 emus·
221 3151 260 3203 Μ.
280 3177 309 3190 -
331 3150 507 3204 turbaturus
526 3152 699 3203 turtumcuru
709 3150 774 3214 lter·
789 3149 867 3202 Corb.
883 3150 953 3203 liud.
967 3152 997 3202 n.
1012 3164 1019 3208 a
1039 3154 1065 3204 td
1079 3152 1152 3214 qued
1163 3164 1194 3203 er
1205 3164 1277 3204 mera
1290 3152 1469 3214 interpotandt

130 3221 237 3274 lieentia
256 3225 385 3284 provenit.
403 3247 435 3258 -
454 3221 483 3274 7.
501 3227 606 3274 mutatu
624 3233 743 3288 pureque
760 3221 799 3271 Μ.
818 3246 853 3258 -
866 3233 988 3285 poppeae
998 3221 1037 3274 Μ.
1059 3246 1090 3260 -
1111 3221 1139 3273 8.
1153 3228 1235 3275 tumet
1244 3228 1314 3275 metat
1324 3224 1364 3274 Μ.
1380 3225 1467 3274 -dtt

129 3306 230 3359 psum.
240 3293 268 3347 Μ
279 3293 311 3342 ii.
328 3317 360 3331 ·-
372 3294 415 3345 ii.
434 3289 566 3357 desereto
583 3292 622 3346 tr.
644 3315 672 3328 -
688 3290 731 3344 11.
745 3290 834 3344 flebat
845 3295 906 3343 cast
917 3292 963 3354 Μ,
982 3305 1035 3344 uon
1048 3294 1121 3345 uaris
1134 3292 1226 3358 Lipstt.
1240 3318 1275 3329 -
1288 3293 1331 3345 14.
1344 3306 1417 3359 repp.
1428 3294 1468 3348 Μ.

130 3452 159 3498 et
175 3445 265 3498 moitst
290 3461 337 3511 pro
360 3446 467 3501 umois'ri
494 3446 626 3507 Siiiua‘i.
645 3446 708 3499 aas.
737 3446 781 3508 13,
817 3448 889 3510 potis
905 3446 957 3499 His
973 3448 1069 3499 saitem
1084 3448 1246 3501 accumulem
1264 3448 1350 3501 deute
1388 3448 1468 3503 Ortd.

129 3526 184 3578 st
204 3527 301 3578 deutra
317 3528 425 3578 metitus
443 3528 472 3578 iss
488 3530 547 3590 tpso
566 3525 692 3579 Custodes
706 3514 783 3577 udt'tss
819 3526 952 3586 Tristnd,
966 3528 998 3588 2,
1012 3529 1066 3580 dii:
1087 3530 1195 3597 Quaque
1207 3528 1268 3590 itis,
1280 3530 1404 3581 mamitos
1418 3533 1473 3582 stt-⁴

129 3606 231 3669 tempti.
250 3631 282 3643 -
303 3606 387 3658 etoiits
406 3604 527 3672 discidii]
549 3607 652 3660 dirurtti
671 3620 702 3659 ea
720 3606 781 3670 ieri·
819 3607 1004 3671 complectere
1015 3615 1142 3665 tucrum,
1163 3608 1281 3674 Undique
1292 3609 1393 3660 iactato
1405 3610 1470 3676 piore

131 3687 183 3738 tus
206 3686 286 3748 teeti,
318 3687 406 3752 qualia
427 3693 490 3739 tuuc
509 3699 636 3753 perquam
655 3686 782 3751 trepueu·
819 3694 921 3752 tepente
937 3690 1006 3739 otus.
1043 3685 1242 3748 itr.tt,1a=
1270 3687 1365 3741 Ommea
1383 3690 1470 3741 smar-

130 3769 188 3826 tie;
219 3771 362 3830 opponitur
394 3768 541 3829 expuisteni
577 3767 719 3820 vtoteutae.
750 3791 779 3804 -
818 3781 848 3818 re
865 3768 902 3819 ad
928 3770 1113 3832 imperatorem
1128 3768 1297 3829 Romanum,
1323 3773 1352 3818 att
1378 3776 1471 3821 ruente

129 3843 279 3911 sapientia]
307 3846 351 3897 hie
369 3847 524 3910 simpitctter
542 3859 589 3909 pro
608 3850 732 3898 cautione
752 3856 783 3896 ao
819 3848 899 3898 tario
917 3848 946 3899 iu
964 3861 1046 3899 umam
1064 3847 1155 3906 adire,
1179 3849 1331 3911 scettepere
1348 3846 1471 3903 deutrum

131 3927 283 3990 prudentia.
315 3952 345 3965 -
377 3928 416 3978 tis
445 3922 624 3992 peremptam]
657 3925 729 3977 Baeti
757 3930 784 3975 et
819 3928 993 3991 cupientium,
1024 3939 1139 3978 carosus
1164 3926 1351 3992 lemniscosque
1375 3929 1471 3980 tarisu-

130 4007 260 4059 Iiuebner
273 4005 391 4059 dedere:
411 4007 451 4058 iris
471 4005 552 4071 (enipi
567 4003 715 4072 questibus)
736 4000 784 4056 its·
819 4009 900 4067 tium,
920 4006 991 4057 tuud
1005 4006 1102 4070 procat
1117 4005 1236 4069 periculo
1258 4007 1348 4071 sumit.
1386 4008 1471 4061 nere-

130 4101 181 4148 το,
207 4086 415 4152 tcudpaopatum
435 4088 602 4151 paenitentia
625 4092 696 4145 θοις
727 4096 780 4148 uuo
821 4087 915 4138 dianus
935 4087 966 4144 1,
985 4086 1013 4137 7.
1039 4085 1072 4137 de
1091 4086 1228 4137 Commodi
1247 4086 1362 4140 adreutu
1380 4088 1406 4139 iu
1426 4101 1471 4139 ur·

131 4171 172 4219 uti
203 4172 328 4230 poteraut
361 4170 536 4230 interpretem
575 4166 659 4219 Taciti
689 4175 783 4216 manus
820 4166 899 4217 hem:
930 4158 1069 4218 τοιοῦτον
1085 4162 1121 4232 δὴ
1138 4163 1320 4232 θεασάμενοι
1341 4162 1397 4218 τόν
1416 4168 1471 4232 βα·

131 4248 252 4301 nondum
275 4249 396 4299 restituta
418 4253 467 4299 est.
496 4271 527 4285 -
549 4243 705 4312 coutspem]
725 4245 783 4295 Hoc
820 4244 904 4298 etita
930 4239 1134 4311 οἱῬωμαῖοι,
1164 4239 1327 4311 εὐφημίαις
1348 4244 1378 4300 tt
1400 4261 1470 4299 cruc·

133 4334 191 4389 est,
211 4335 241 4379 ut
253 4330 349 4382 cuntur
367 4341 459 4382 rursus
475 4334 563 4388 esaei,
583 4333 638 4381 sire
651 4330 677 4379 iu
691 4328 782 4380 eeniu·
820 4321 1025 4388 retractasset
1043 4319 1199 4389 στεφάνων
1217 4324 1267 4377 καὶ
1283 4320 1398 4377 ἀνθέων
1417 4324 1470 4388 βο-

132 4410 214 4474 ptum.
233 4406 325 4460 Duru.
821 4396 1179 4466 tatcriaeds'xorro·1.rrs.
1204 4428 1238 4440 -
1265 4402 1357 4454 trudas
1374 4405 1470 4467 repeti·
1531 4448 1536 4457 .

821 4490 878 4534 tum
889 4477 1084 4544 censentium]
1102 4482 1202 4535 Rursus
1215 4483 1289 4533 iosus
1303 4483 1467 4545 desperatus.

167 4564 213 4619 ot.
244 4562 368 4633 tandem]
390 4568 423 4620 de
442 4578 471 4620 re
490 4567 658 4631 impatienter
676 4567 709 4621 eb
728 4581 784 4620 em·
820 4561 949 4615 Duobuer
977 4562 1111 4625 ampiexus
1139 4571 1179 4616 eat
1206 4564 1309 4615 Heinstt
1335 4564 1470 4614 coniectu·

133 4648 213 4699 nibus
231 4654 390 4711 exspectate.
411 4647 518 4698 Durata.
557 4646 610 4698 iiia
628 4650 699 4697 eniru
718 4648 783 4698 uitali
821 4655 892 4696 ram:
912 4642 1065 4705 repeterem,
1085 4643 1236 4709 erpitcaue:
1258 4646 1384 4693 aeateuur
1397 4643 1470 4704 priu-

132 4728 442 4780 niattristiaaeeiderent
464 4728 583 4787 cirtiati3
602 4728 783 4788 cumprimum
822 4727 887 4787 ctpia
917 4721 1024 4783 leudes,
1054 4728 1084 4773 ut
1109 4735 1162 4775 nou
1181 4730 1234 4774 tam
1253 4724 1342 4783 ipsum
1361 4733 1470 4774 reuera·

133 4814 195 4872 post
213 4808 320 4873 taurum
340 4814 445 4870 tempus
464 4809 567 4867 arcuit,
599 4805 673 4869 quod
697 4812 783 4870 pratu·
821 4811 932 4862 rentur.
960 4815 1040 4868 quem
1057 4806 1196 4866 repetitam
1214 4800 1247 4851 ab
1266 4812 1298 4852 eo
1318 4805 1469 4865 coniugem,

132 4889 234 4942 tatione
253 4889 363 4953 dignum
382 4893 462 4941 esset.
480 4885 573 4937 Duru.
603 4886 725 4945 Laurum
743 4889 784 4936 ui·
821 4885 1013 4936 revocationem
1028 4886 1176 4948 coniugia.»
1203 4881 1364 4933 Boetttcheri
1380 4886 1470 4935 eutem

132 4971 183 5020 nats
209 4971 294 5022 rtrum
321 4967 472 5020 homiuibus
502 4968 553 5019 troc
586 4965 693 5023 rideret
726 4977 783 5017 esse
821 4969 848 5015 et
858 4964 1039 5016 iioederieinti
1058 4964 1197 5028 repetitum
1214 4972 1326 5023 vereor,
1347 4967 1378 5012 ut
1390 4961 1470 5016 tuerit

132 5048 315 5110 teruendeoe,
334 5047 643 5099 esseeaeieateuuuten.
663 5044 735 5094 Eutr-
753 5067 780 5082 -
821 5056 919 5095 nomeu
951 5043 1082 5094 substant.
1102 5039 1172 5103 apud
1197 5038 1316 5092 Latinos.
1348 5040 1378 5091 ld
1412 5049 1470 5094 tan·

132 5133 265 5194 spurpunt
293 5122 419 5194 portem]
449 5126 525 5190 Vter.
552 5126 620 5177 deu.
649 5122 683 5186 6,
710 5122 781 5174 stt:
821 5122 957 5174 tumruodo
976 5123 1054 5176 rideo
1072 5120 1294 5174 r.cmerumtum
1313 5126 1471 5174 ortumease

132 5209 281 5272 dtsrpurecs
304 5221 429 5277 sparpam
452 5206 534 5277 poree
556 5206 724 5270 animumque
740 5218 783 5257 ue·
821 5215 853 5255 ex
864 5204 1000 5266 superiore
1012 5204 1181 5255 veementer.
1194 5224 1228 5236 -
1246 5196 1318 5266 uasat]
1338 5200 1379 5252 tid
1391 5201 1470 5254 etten-

166 5300 271 5359 tastu.
289 5301 310 5355 l.
1178 5294 1219 5361 Bi
